2641 3687
150 169 270 244 ω.
291 164 372 222 Vl
388 160 463 220 η.
530 159 627 218 DE
649 153 855 236 cmm
880 143 1289 208 TERREsTms
1310 146 1603 209 ARTIFIC.
1632 148 1938 211 CONSTR.
1966 156 2018 211 ὃς
2041 151 2211 215 usu.
2311 169 2382 228 51‘

267 296 919 350 CORoLLnRIUM
985 267 1042 333 I.

192 410 299 455 249.
333 385 509 453 Qodfi
530 383 883 433 declinationem
902 382 1181 441 Soli3‚quam

119 461 263 510 habet
285 459 341 508 ad
362 458 485 503 diem
507 453 688 504 datum,
713 466 768 496 ex
805 449 919 494 Polo
942 445 1184 508 cognomi-

125 545 184 575 ne
231 529 280 572 in
331 520 631 570 Meridianum
682 512 832 563 versus
884 517 1187 572 AEquatorem

123 590 383 640 transferas;
408 586 571 633 Globo
595 581 948 631 circumvoluto‚
973 593 1054 639 per
1074 593 1185 639 pun-

120 660 245 705 &tum
268 657 314 703 in
329 671 386 701 eo
408 654 490 699 hac
508 653 685 698 ratione
703 658 911 694 notatum
937 641 1188 690 transibunt

127 726 285 770 omnia
305 725 412 768 loca
445 752 459 772 ,
492 715 660 777 quibus
678 715 750 759 Sol
772 709 882 757 dato
899 709 973 756 die
992 711 1188 771 primum

126 806 220 838 non
261 786 449 835 occidit.
495 784 537 829 Si
557 781 678 828 idem
695 777 773 826 fiat
792 778 909 824 circa
929 778 1091 822 Polum
1119 774 1189 821 di-

126 855 237 905 versi
271 853 498 902 nominis,
538 845 703 894 eodem
731 843 878 892 modo
912 841 1190 902 detegentur

127 926 234 970 loca
250 956 264 974 ,
294 917 463 981 quibus
482 916 555 961 Sol
577 914 778 974 primum·
798 925 893 957 non
922 909 1117 971 amplius
1137 923 1189 953 o-

126 1000 255 1037 ntur.

266 1054 766 1106 COROLLARl
802 1057 905 1095 ΠΜ
968 1041 1044 1094 ΙΙ.

202 1169 305 1214 250.
341 1157 470 1199 Patet
490 1165 626 1210 ergo,
664 1144 908 1209 quomodo
932 1143 1190 1193 inveniatur

130 1235 346 1282 tempus,
380 1234 476 1280 quo
514 1217 678 1262 Incolae
715 1213 811 1260 dati
850 1215 942 1258 loci
978 1210 1077 1258 sunt
1110 1214 1189 1255 Pe-

131 1286 244 1336 riscii
262 1318 278 1340 ,
300 1292 341 1333 &
361 1281 604 1347 quomodo
630 1280 782 1327 doceri
809 1280 940 1340 possit
957 1311 971 1331 ‚
1000 1276 1187 1337 quinam

132 1355 298 1401 Incolae
323 1350 435 1399 dato
459 1347 668 1412 quolibet
694 1345 768 1393 die
794 1346 876 1392 fint
898 1341 1071 1391 Periscii
1102 1341 1186 1400 (5.

137 1435 156 1467 ι
263 1451 275 1465 .

170 1418 766 1537 57)PR0131.5MA
828 1477 1013 1531 XLII.

132 1610 138 1626 ²
215 1600 342 1652 251.
386 1586 608 1639 Invenire
641 1585 955 1637 elevationem
990 1581 1095 1634 Peli
1111 1581 1190 1649 spu

136 1664 475 1720 Latitudinem
499 1665 698 1715 locorum
720 1700 737 1724 ,
763 1667 815 1713 in
840 1661 1012 1732 quibus
1045 1661 1187 1714 datm

135 1747 255 1797 anni
278 1744 376 1796 dies
397 1743 461 1812 ss
485 1742 705 1794 datarum
728 1738 969 1792 horarum.

389 1848 909 1900 *REsoLUTIQ

138 1964 183 2005 1.
226 1944 311 2001 Ad
333 1943 461 1998 diem
500 1944 606 1997 anni
639 1942 806 1998 datum
837 1957 1082 2015 quaeratur
1114 1940 1186 1994 lo-

284 2041 366 2076 cus
396 2022 523 2077 Solis
548 2023 593 2075 in
629 2022 1039 2094 Ephemeridibus
1064 2059 1077 2084 ‚
1108 2017 1190 2071 vel

283 2098 563 2173 supputetur
583 2101 605 2171 (
622 2105 663 2160 §.
690 2115 804 2169 720
830 2102 1017 2169 Astron·
1048 2096 1084 2165 )

129 2192 186 2238 ’2.
212 2181 374 2234 Locus
412 2178 536 2232 Solis
582 2178 794 2232 ducatur
833 2174 918 2229 sub
955 2173 1186 2229 Meridia·

285 2275 401 2310 num
430 2261 478 2310 &
506 2255 661 2310 Index
678 2256 898 2311 horarius
926 2254 990 2309 ad
1015 2255 1187 2309 horam

288 2331 652 2388 duodecimam.

134 2429 186 2482 3.
229 2412 427 2465 Globus
453 2412 578 2465 circa
611 2431 756 2468 axem
783 2412 1014 2467 volvatur
1037 2451 1053 2476 ,
1098 2413 1187 2466 do-

288 2509 377 2543 nec
406 2489 560 2543 Index
586 2492 803 2546 horarius
840 2494 1076 2545 monstret
1100 2493 1188 2545 ho-

290 2586 392 2621 ram
414 2567 493 2621 vel
518 2585 653 2622 ortus
670 2607 685 2632 ,
717 2571 795 2622 vel
821 2567 1038 2623 occasus·

138 2659 189 2707 4.
231 2646 360 2699 Hinc
401 2647 550 2699 Polus
579 2647 827 2701 attollatur
868 2666 925 2700 ac
951 2648 1191 2718 deprima-

277 2729 400 2786 tur,
445 2723 606 2777 donec
634 2725 769 2778 locus
805 2726 933 2779 Solis
970 2726 1018 2777 in
1053 2726 1193 2779 Hori-

289 2816 438 2855 zonte
462 2804 542 2856 vel
570 2802 753 2865 ortivo‚
775 2803 856 2857 vel
877 2803 1091 2856 occiduo
1109 2822 1192 2874 ap-

287 2894 455 2950 pareat
497 2902 508 2932 :
554 2881 620 2934 ita
648 2881 777 2935 enim
814 2881 964 2935 Polus
994 2883 1086 2934 erit
1110 2883 1190 2935 de-

290 2968 453 3009 center
479 2957 720 3012 elevatus·

123 3128 126 3129 ⁷
323 3052 1003 3110 CoROLLARIUM.

205 3165 227 3193 2
240 3163 258 3206 5
273 3166 314 3196 2.
353 3151 528 3208 Qodfi
548 3170 659 3218 ergo
676 3157 757 3205 tot}
769 3155 937 3215 gradus
949 3156 1005 3203 ab
1025 3160 1191 3218 AEqua·

135 3225 238 3263 tote
262 3214 408 3267 versus
429 3222 589 3268 Polum
611 3225 834 3271 elevatum
848 3224 910 3280 *in
930 3223 1190 3274 Meridiano
1237 3269 1239 3273 ,

1316 292 1617 331 numerentur
1641 312 1655 334 ‚
1680 294 1797 341 quot
1828 284 1868 329 is
1905 280 2036 346 supra
2068 287 2377 338 Horizontem

1315 351 1515 395 elevatus
1541 346 1907 409 deprehenditur
1924 381 1938 401 ,
1969 356 2010 396 &
2037 353 2255 412 punetum
2275 370 2377 414 gra-

1249 459 1253 465 ,
1315 413 1395 461 dui
1416 416 1582 460 ultimo
1602 413 1853 460 imminens
1881 415 1928 460 in
1963 418 2222 464 Meridiano
2246 432 2375 468 note-

1314 496 1388 527 tur
1410 497 1423 532 3
1446 479 1609 526 Globo
1629 479 1987 533 circumvoluto,
2008 486 2163 529 omnia
2182 488 2376 534 Telluris

1313 549 1417 593 loca
1447 561 1529 608 per
1554 545 1600 591 id
1632 543 1916 599 tranfibunt‚
1951 547 1997 592 in
2034 548 2200 607 quibus
2241 551 2375 602 datus

1313 615 1416 660 anni
1439 614 1537 660 dies
1556 610 1769 658 datarum
1790 611 2009 659 horarum
2028 614 2185 664 existit.

1601 694 1636 746 S
1664 709 1695 745 c
1722 708 1758 744 H
1787 712 1820 744 0
1848 707 1881 745 L
1909 708 1928 745 1
1958 714 1990 745 O
2021 710 2078 749 N.

1385 815 1404 843 ι
1419 815 1492 860 53.
1534 803 1634 847 Hac
1679 802 1848 847 ratione
1880 797 2121 864 superficies
2173 798 2300 848 Globi
2336 802 2380 847 in

1316 865 1503 914 climata
1526 867 1688 928 dispesci
1706 867 1857 931 potest.

1451 960 1896 1012 *PROBLEMA
1980 956 2216 1010 XLIII,

1396 1067 1425 1111 2
1440 1069 1461 1120 5
1474 1068 1526 1115 4.
1563 1055 1795 1109 Invenire
1814 1054 2163 1108 Latitudinem
2181 1055 2379 1105 locorum

1316 1132 1464 1188 Zone
1481 1134 1704 1206 frigide,
1732 1140 1787 1186 in
1831 1133 2004 1207 quibus
2039 1131 2125 1186 Sol
2144 1134 2254 1185 dato
2288 1133 2382 1184 die-

1314 1233 1425 1269 rum
1448 1232 1641 1267 numero
1661 1233 1755 1264 non
1788 1213 1979 1265 occidit.

1584 1320 1627 1373 R
1656 1332 1681 1370 ε
1714 1334 1734 1370 s
1764 1321 1797 1372 ὸ
1825 1333 1858 1371 L
1889 1334 1925 1371 u
1957 1334 1991 1369 T
2023 1331 2040 1374 1
2069 1336 2118 1372 0.

1323 1439 1368 1480 1.
1399 1425 1743 1480 Numerentur
1776 1440 1852 1480 tot
1894 1425 2080 1497 gradus
2116 1422 2144 1478 ὲ
2169 1422 2384 1495 Tropico

1463 1503 1627 1558 vicino
1648 1501 1807 1557 versus
1835 1505 2069 1576 punCtum
2106 1503 2380 1574 AEqulnoc-

1467 1580 1582 1637 tiale
1618 1582 1941 1644 alterutrum,
1978 1597 2106 1651 quot
2140 1578 2245 1633 sunt
2278 1580 2380 1632 uni-

1470 1674 1594 1715 tates
1619 1661 1668 1715 in
1695 1659 1903 1714 dimidio
1926 1659 2116 1713 dierum
2148 1659 2380 1712 datorum

1468 1756 1677 1794 nurnero
1696 1777 1708 1801 ‚
1746 1738 1864 1810 quia
1899 1738 1986 1792 Sol
2013 1753 2150 1791 motu
2177 1736 2378 1807 proprio

1468 1814 1663 1890 singulis
1687 1816 1789 1872 fere
1802 1816 1976 1872 diebus
1993 1812 2202 1890 gradum
2228 1831 2377 1869 unum

1470 1895 1688 1951 conficit.

1314 1987 1364 2031 2.
1403 1976 1644 2028 Punc‘tum
1680 1972 1925 2046 Eclipticae
1966 1971 2032 2027 ita
2072 1988 2317 2045 repertum
2355 1971 2497 2028 ITab.
2521 1982 2554 2026 r.

1460 2053 1669 2107 ducatur
1690 2046 1776 2106 {ub
1796 2051 2146 2105 Meridianum:
2165 2052 2256 2105 erit
2274 2051 2375 2118 ejus
2394 2049 2562 2109 Fig.15.

1462 2130 1492 2185 ὲ
1514 2132 1639 2188 Polo
1666 2130 1884 2184 distantia
1910 2133 1972 2183 ΙΙ)
1993 2129 2252 2183 elevationi
2269 2128 2376 2182 Poli

1459 2212 1499 2262 P
1513 2210 1555 2262 R
1592 2206 1671 2262 seu
1699 2207 1967 2261 Latitudini
1991 2205 2196 2279 quaefitae
2211 2225 2375 2279 aequa-

1460 2288 1547 2349 lis,
1583 2288 1632 2340 vi
1662 2305 1834 2340 eorum
1859 2325 1874 2348 ,
1911 2304 2021 2359 quae
2050 2283 2263 2358 superius
2292 2287 2370 2352 (ξ.

1464 2366 1612 2435 248)
1634 2365 1968 2420 demonstrata
1994 2361 2120 2418 sunt.

1507 2466 1917 2516 PROBLEMA
1962 2460 2172 2515 XLIV.

1391 2561 1457 2616 25
1475 2562 1520 2615 ς.
1573 2549 1710 2602 Data
1742 2544 1957 2619 qnalibet
1990 2547 2089 2598 diei
2113 2546 2200 2596 vel
2234 2546 2376 2598 κοὲῗίς

1311 2627 1429 2680 hora
1452 2664 1468 2689 ,
1504 2625 1726 2697 beneficio
1763 2622 1913 2676 Globz·
1954 2624 2188 2689 ostendere
2221 2627 2378 2676 omnia

1311 2708 1412 2758 loca
1429 2741 1448 2768 ,
1484 2704 1657 2778 quibus
1684 2701 1767 2754 Sol
1793 2706 1951 2754 oritur
1974 2738 1988 2763 ‚
2029 2700 2088 2760 ὠ
2113 2704 2286 2772 quibus
2312 2720 2379 2752 oc-

1311 2786 1450 2844 cidit,
1475 2802 1570 2854 quae
1586 2781 1830 2833 meridiem
1848 2781 1933 2832 vel
1945 2781 2150 2831 mediam
2174 2782 2375 2838 noc'ffem,

1311 2881 1408 2933 quae
1441 2862 1566 2914 diem
1592 2860 1680 2912 vel
1707 2861 1888 2910 noe't'em
1913 2856 2104 2912 habent.

1582 2963 2105 3015 Rasotumo.

1314 3068 1360 3110 1.
1392 3051 1672 3106 Inveniatur
1706 3050 1845 3102 locus
1875 3049 2088 3104 Telluris
2109 3086 2126 3111 ,
2163 3046 2248 3101 ubi
2286 3044 2369 3099 Sol

1457 3129 1580 3182 dato
1608 3128 1849 3200 temporis
1887 3127 2093 3183 articulo
2125 3127 2191 3181 est
2227 3122 2368 3177 verti-

1454 3208 1571 3265 calis
1595 3208 1831 3278 (5346).

1752 3284 1798 3329 G
1836 3299 1860 3328 2
2196 3293 2240 3323 2.
2278 3277 2363 3320 Lo-
