2641 3687
113 155 354 235 {Cap.'VI.
397 156 501 211 DE
543 149 1046 209 HOROLOGHS
1088 147 1572 210 LUNARIBUS
1612 153 1708 209 ET
1748 155 2135 217 SIDEREIS.

5 286 8 287 ⁷
70 291 221 334 eodem
250 283 437 342 artificio
467 282 700 343 Horologia
722 280 887 326 Solaria
912 280 1070 341 quaevis
1096 295 1146 326 a-

74 353 137 401 ·lia
159 357 205 401 in
237 355 431 400 Lanario
453 351 645 398 converti
661 343 783 411 POffi'·

281 473 708 522 PRoBLEMA
765 460 922 515 LIV.

159 604 284 653 168.
327 595 642 665 Horologium
678 586 882 644 Lunarc
922 594 1137 660 portati-

71 676 116 728 le
154 671 417 746 describere.

347 802 855 854 RasoLurrO.

0 934 124 983 V.1.
156 927 209 980 In
246 925 429 998 plano,
468 922 605 996 quod
652 918 919 974 secundum
971 919 1131 974 eleva·

0 1015 59 1053 ΡΟ·
191 1005 376 1057 tionem
423 1000 695 1074 AEquatoris
745 998 926 1051 elevari
971 1001 1130 1068 potest

188 1091 295 1151 (§.
338 1097 405 1148 34
443 1079 505 1150 )‚
562 1076 862 1132 describatur
920 1076 1130 1130 circulus

186 1161 324 1221 ΑΒ,
376 1166 427 1215 δε
494 1158 596 1225 ejus
637 1154 912 1229 peripheria
955 1155 1004 1207 in
1055 1168 1125 1220 29

181 1255 340 1310 partes
370 1236 578 1310 aequales
622 1232 895 1289 dividatur.

72 1352 122 1398 2.
156 1345 233 1397 Ex
291 1341 469 1394 eodem
523 1355 690 1393 centro
733 1340 784 1392 C
825 1334 1126 1391 describatur

180 1420 391 1472 circulus
424 1418 542 1471 alius
593 1417 787 1470 mobilis
825 1418 928 1469 DE
957 1417 1002 1468 in
1052 1429 1125 1478 24

181 1514 341 1568 partes
371 1496 578 1567 aequales
603 1491 679 1547 seu
698 1493 955 1548 intervalla
978 1494 1123 1551 hora-

183 1577 250 1626 ria
282 1573 591 1626 dividendus·

70 1695 116 1746 3.
152 1683 207 1735 In
243 1698 414 1734 centro
448 1683 496 1735 C
529 1680 740 1751 erigatur
770 1680 926 1734 Index
954 1682 1123 1733 Horo-

181 1759 301 1906 logi)i
323 1760 681 1831 AEquinodtialis
709 1778 845 1813 more
867 1757 1009 1812 solito
1036 1764 1118 1831 (§.

181 1852 319 1903 30·

57 1949 253 2020 Qodli
289 1951 617 2025 Horologium
651 1951 712 2005 ad
758 1951 898 2005 situm
935 1950 1116 2005 decen-

59 2043 161 2081 tem
203 2048 525 2102 componatur
573 2030 594 2098 (
636 2034 683 2089 §.
729 2047 798 2097 34
837 2035 860 2094 )
907 2035 956 2083 &
995 2030 1116 2083 hora

56 2105 354 2162 duodecima
385 2110 445 2163 ad
471 2110 599 2163 diem
624 2111 772 2161 aetatis
806 2111 953 2162 Lunae
979 2127 1112 2161 com-

56 2184 243 2254 pletum
307 2188 579 2240 adducatur
632 2206 645 2244 ς
700 2187 874 2239 Indicis
939 2187 1113 2239 umbra

54 2264 245 2317 Horam
280 2267 498 2320 Solarem
531 2266 744 2339 legitime
768 2265 1004 2320 indicabit
1032 2267 1109 2329 (§.

59 2346 220 2409 178).

340 2423 820 2477 SCHoLION.

121 2551 227 2593 182.
265 2549 360 2593 Hoc
394 2548 616 2608 Horologii
650 2552 838 2600 Lunaris
869 2569 1004 2616 genus
1032 2552 1107 2613 fa-

52 2612 200 2658 cillime
231 2613 481 2667 construitur
500 2646 514 2665 ‚
534 2616 761 2679 caeterisque
780 2620 831 2668 ob
855 2621 1109 2687 simplicita-

51 2688 136 2725 tem
163 2677 281 2736 suam
304 2681 620 2742 praeferendum.

275 2798 722 2851 PRoBLEMA
779 2800 898 2858 LV.

141 2934 161 2974 I
179 2928 263 2987 83.
308 2920 618 2997 Horologium
649 2927 890 2984 sidereum
919 2934 1005 3000 se‘u
1030 2930 1103 3003 as:

51 2997 174 3048 traele
195 3001 466 3061 construere.
607 3013 610 3016 ’

325 3108 826 3169 Βεεοιυτῐα

25 3205 103 3253 Ἰ.
138 3199 341 3257 Paretur
404 3221 468 3258 ex
540 3206 786 3266 orichalco
844 3215 1097 3272 orbiculus

2228 179 2330 234 195

1378 277 1580 334 ABCD
1618 281 1879 338 mediocris
1936 289 2287 362 wagnftufflnfs
2310 332 2328 357 ‚

1381 361 1432 412 &
1487 358 1589 425 ejus
1640 361 1912 432 peripheria
1969 368 2012 418 in
2061 370 2329 426 duodecim

1374 451 1534 507 partes
1566 438 1775 508 aequales
1816 458 1907 509 pro
1942 461 2146 506 numero
2183 452 2328 506 Men*

1373 512 1493 567 fium
1531 513 1665 567 Anni
1691 516 1874 571 Solaris
1901 517 2163 580 dividatur.

1260 622 1311 668 2,
1349 605 1465 663 Pars
1503 611 1737 684 quaelibet
1777 615 2075 674 duodecima
2114 622 2328 680 subdivi-

1374 687 1520 742 datur
1555 691 1602 742 in
1656 706 1726 757 30
1761 694 1943 764 gradus
1986 714 2081 765 pro
2121 719 2328 758 numero

1376 765 1624 837 graduum
1645 770 1910 841 Signorum
1937 773 2184 845 Eclipticae
2202 820 2217 843 ,
2246 784 2324 836 vel

1371 845 1519 898 etiam
1572 847 1619 899 in
1679 848 1799 901 Dies
1848 849 2021 903 meniis
2064 879 2079 906 .·
2123 873 2225 928 quo
2275 860 2322 913 in

1371 920 1480 977 casu
1506 924 1693 996 integra
1722 927 1996 999 peripheria
2014 930 2061 984 in
2085 943 2187 1002 365
2212 955 2322 1008 par-

1369 1015 1444 1054 tes
1472 1004 1686 1075 aequales
1716 1002 1970 1061 dividitur.

1252 1112 1301 1165 3.
1328 1102 1410 1156 Ad
1437 1104 1685 1160 decimum
1713 1108 1911 1163 tertium
1951 1110 2158 1183 gradum
2182 1117 2321 1171 Scor.

1363 1181 1433 1253 pii
1486 1179 1565 1236 seu
1620 1185 1768 1240 Diem
1819 1189 2170 1254 Novembris,
2219 1212 2321 1266 quo

1363 1259 1454 1313 Sol
1519 1261 1566 1314 in
1619 1264 1801 1319 eodem
1854 1267 2046 1330 haeret,
2095 1268 2320 1344 affigatur

1366 1339 1677 1395 manubrium
1713 1345 1751 1395 Β
1777 1382 1791 1407 ‚
1828 1345 1942 1415 quia
1980 1346 2081 1401 haec
2114 1352 2179 1403 est
2212 1351 2319 1403 lon-

1361 1417 1541 1487 gitudo
1596 1421 1758 1474 Stellae
1818 1423 2070 1480 lucidioris
2135 1430 2318 1500 postre-

1364 1513 1554 1550 marum
1603 1499 1651 1552 in
1689 1500 1907 1554 Plaustro
1941 1503 2136 1560 minore
2161 1546 2175 1570 ‚
2221 1525 2320 1580 qua

1360 1573 1421 1627 ad
1461 1573 1793 1648 indagandam
1827 1580 1999 1635 horam
2041 1585 2240 1641 utimur.

1243 1679 1298 1729 4.
1327 1671 1572 1727 Orbiculo
1618 1676 1865 1732 immobili
1915 1679 2139 1753 affigatur
2199 1683 2319 1737 alius

1361 1755 1701 1807 concentricus
1748 1758 1947 1811 mobilis
1976 1799 1989 1822 ,
2027 1760 2161 1827 cujus
2202 1764 2320 1834 peri-

1361 1829 1528 1899 pheria
1577 1834 1622 1885 in
1671 1846 1743 1895 24
1791 1853 1950 1905 partes
1987 1838 2198 1908 aequales
2238 1837 2318 1894 seu

1358 1908 1613 1963 intervalla
1673 1914 1870 1967 horaria
1923 1915 2216 1979 dividatur,
2267 1924 2317 1973 δε

1356 2001 1412 2037 ut
1447 1987 1579 2040 horae
1618 1990 1866 2061 palpando
1910 1993 1956 2046 in
1991 1996 2206 2048 tenebris
2234 1996 2316 2050 de-

1354 2063 1722 2134 prehendantur
1760 2069 1824 2121 ad
1863 2070 2047 2142 singula
2085 2074 2309 2130 interval-

1352 2142 1399 2192 la
1445 2160 1672 2215 aptentur
1714 2147 1949 2201 denticuli
1995 2151 2243 2222 longiores
2292 2189 2310 2217 ,

1353 2221 1486 2274 unde
1524 2225 1815 2280 numerandi
1855 2227 2040 2281 initium
2089 2227 2305 2294 sumitur,

1349 2296 1483 2367 horae
1521 2299 1832 2358 duodecimae
1871 2307 2136 2378 applicata.

1239 2404 1287 2459 ς.
1312 2392 1542 2449 Addatur
1580 2395 1796 2470 denique
1833 2404 2003 2473 regula
2041 2407 2143 2457 GH
2178 2404 2301 2458 circa

1346 2479 1572 2528 centrum
1608 2478 1657 2530 G
1699 2479 1938 2537 mobilis;
1984 2479 2141 2554 ipsum
2184 2502 2301 2536 vero

1346 2568 1569 2607 centrum
1606 2554 1901 2626 perforetur.

1228 2659 1425 2732 Quodsi
1462 2663 1740 2718 denticulus
1773 2666 1971 2738 longior
2005 2667 2139 2723 horae
2176 2667 2297 2723 duo-

1226 2740 1431 2794 decima>
1480 2742 1542 2797 ad
1594 2745 1742 2798 Diem
1798 2746 1980 2799 Mensis
2023 2748 2299 2803 adducatur

1229 2819 1309 2872 vel
1363 2819 1424 2872 ad
1478 2821 1686 2892 gradum
1745 2823 1995 2896 Eclipticae
2032 2864 2049 2888 ,
2099 2827 2146 2879 in
2196 2844 2297 2897 quo

1228 2897 1318 2949 Sol
1372 2897 1522 2951 haeret
1560 2937 1576 2963 ,
1639 2903 1689 2953 &
1739 2902 1989 2955 orbiculus
2039 2903 2189 2956 oculo
2233 2906 2296 2956 ita

1227 2972 1595 3040 admoveatur,
1647 2994 1699 3029 ut
1754 2997 1840 3051 per
1893 2979 2113 3034 foramen
2171 2981 2292 3034 Stel-

1224 3053 1320 3105 lam
1364 3055 1588 3107 Polarern
1625 3053 1842 3126 respicias
1868 3097 1883 3120 ,
1928 3076 1990 3111 ex
2035 3075 2132 3130 qua
2172 3058 2290 3110 duc-

1221 3146 1300 3183 tus
1341 3130 1506 3185 radius
1552 3134 1605 3185 fit
1640 3134 1704 3186 ad
1753 3137 1956 3189 Planum
2000 3138 2289 3190 Instrumen-

1222 3211 1258 3263 ti
1296 3211 1710 3282 perpendicularis
1736 3252 1747 3270 ,
1785 3215 2084 3287 tandemque
2121 3211 2286 3282 regula

1686 3289 1776 3342 Bb
1821 3303 1850 3347 2
2156 3290 2280 3342 circa
