2641 3687
203 157 762 235 meap.111.DE
844 147 1329 209 tcmssus
1408 145 1946 204 FEsT1v1s.

128 287 285 343 AFD
312 287 500 342 habens
546 287 592 339 in
633 287 707 338 IK
746 280 1075 353 protuberan-

115 367 239 420 -tiam
264 363 643 434 Hemisphaerico
657 387 679 403 υ
698 358 1039 432 Cylindricam
1058 398 1075 423 ,

125 443 370 495 diametro
404 440 636 511 Cylindri
670 440 737 490 IK
773 436 1006 489 existente
1050 443 1079 505 ξ

134 519 238 573 AD
277 523 356 572 seu
386 516 608 571 diametri
631 514 805 567 Glob-i.

15 614 68 663 ss2-
100 609 158 660 In
200 607 285 658 ista
321 603 695 676 -protuberantia
732 599 820 654 fiat
853 598 1077 653 foramen

33 725 43 729 -
126 678 461 737 accensorium
513 683 594 743 L,
641 680 781 745 cujus
835 677 1078 732 diameter

125 764 231 826 Σὲ
258 759 373 813 AD.

15 873 67 927 23.
93 859 147 910 111
179 860 255 910 EF
293 856 351 910 sit
385 854 606 910 foramen
645 851 954 917 rotundum,
991 871 1079 926 per

129 933 268 1004 quod
327 935 526 988 Globus
580 947 809 985 oneratur
834 971 851 996 ,
895 930 1080 985 diame-

129 1027 210 1063 tro
234 1011 423 1082 {ipsius
447 1014 546 1065 AD
566 1010 826 1071 existente,
849 1011 1083 1064 obturan-

128 1087 251 1139 -dum
289 1088 541 1161 Cylindro
570 1089 733 1159 ligneo
750 1123 766 1150 ,
793 1088 1083 1142 oneratione

124 1161 373 1218 absoluta.

16 1263 73 1314 4.
98 1251 300 1305 Cavitas
343 1252 500 1305 Globi
536 1252 778 1323 repleatur
817 1251 983 1324 aliqua
1022 1269 1084 1305 ex

135 1329 207 1382 his
238 1330 706 1402 compofitionibus:

92 1432 160 1500 a)
200 1436 321 1487 Rec.
353 1434 484 1486 Nitri
506 1431 728 1487 defaecati
746 1430 834 1485 lib.
862 1439 924 1488 16
944 1469 958 1493 ‚
979 1430 1086 1485 Sul-

133 1509 300 1581 phuris
327 1526 391 1573 4,
419 1510 687 1582 Serraginis
709 1510 878 1579 ligneae
897 1509 942 1561 in
957 1526 1085 1579 aqua

134 1584 312 1640 nitrosa
340 1589 489 1641 consta?
516 1593 564 1641 δε
600 1585 849 1641 exficcatae
873 1603 898 1652 3
925 1624 939 1648 ,
980 1586 1084 1639 Pul-

138 1665 265 1717 veris
289 1666 528 1736 granulati
545 1671 589 1728 ξ,
609 1665 784 1718 Scobis
801 1663 1028 1716 eburneae
1039 1672 1084 1736 ‘¹ss-

100 1740 151 1810 b)
193 1744 307 1795 Rec.
343 1743 470 1796 Nitri
511 1743 599 1796 lib.
628 1752 689 1802 6,
729 1741 980 1811 Sulphuris
1025 1759 1088 1808 3,

140 1819 359 1872 Pulveris
386 1820 483 1872 triti
526 1836 580 1883 ι,
616 1819 791 1874 Scobis
816 1818 984 1873 ferreae
1019 1831 1048 1876 2
1072 1856 1087 1881 ,

146 1898 271 1949 Picis
297 1898 480 1950 Graecae
501 1903 546 1962 ὲ.

108 1989 154 2059 c)
195 1990 314 2043 Rec.
335 1990 471 2044 Nitri
495 1989 579 2042 lib.
604 2001 704 2051 24,
741 1988 958 2042 Pulveris
992 1987 1090 2040 triti

142 2082 211 2130 4,
238 2067 489 2138 Sulphuris
522 2079 581 2123 12
603 2107 615 2128 ‚
636 2066 902 2138 Serraginis
921 2068 1091 2138 ligneae

150 2155 212 2207 8,
237 2145 413 2199 Scobis
447 2143 615 2197 succini
641 2153 698 2210 ὲ,
737 2145 863 2200 Vitri
905 2145 952 2195 in
980 2144 1087 2215 pul-

145 2240 307 2276 verem
335 2222 515 2275 redacti
530 2229 555 2287 ὲ
572 2261 586 2285 ,
608 2223 910 2295 Camphorae
931 2227 975 2284 {-

14 2366 15 2386 ἢ
55 2336 72 2338 “
106 2322 322 2374 Materiae
348 2321 397 2373 in
424 2322 595 2391 quavis
622 2321 979 2393 compositione
1023 2336 1091 2373 te-

105 2416 299 2460 rantur,
328 2396 616 2452 misceantur
634 2404 682 2453 &
709 2401 840 2452 Oleo
861 2400 977 2460 lini,
1007 2417 1092 2450 nu-

17 2473 18 2497 *
107 2494 219 2529 cum
237 2514 252 2538 ,
277 2477 428 2538 oleae,
456 2478 714 2540 cannabiS,
756 2478 833 2530 vel
859 2476 1094 2530 Petroleo

110 2553 465 2607 humarentur.

45 2643 89 2697 5.
113 2631 344 2685 Addatur
371 2632 495 2684 Istus
521 2634 623 2685 GH
647 2649 708 2684 ex
735 2631 911 2685 lamina
940 2629 1095 2683 ferrea

149 2725 344 2780 paratus
385 2713 436 2761 δε
482 2710 682 2779 pulvere
719 2710 980 2780 granulato
1021 2727 1095 2762 re·

152 2788 313 2857 pletus
328 2824 343 2848 ‚
371 2786 506 2852 cujus
524 2784 755 2840 diameter
774 2791 802 2856 ξ
827 2788 944 2841 AD.

43 2870 93 2918 6.
118 2865 359 2917 Foramen
397 2866 475 2916 EF
517 2863 626 2928 pice
671 2864 880 2917 illinetur
907 2868 957 2916 δε
987 2877 1096 2915 tan-

152 2941 266 2994 dem
292 2957 480 2994 tantum
514 2941 709 2993 Plumbi
739 2939 983 3013 liquefazsti
1024 2939 1097 2992 su-

157 3017 478 3089 perfundatur
503 3055 517 3079 ,
558 3034 610 3070 ut
654 3015 851 3071 Globus
889 3016 1098 3071 eandem

157 3111 268 3147 cum
319 3113 448 3165 aqua
490 3095 780 3165 gravitatem
826 3094 1098 3169 specificam
1171 3118 1178 3124 ·

159 3169 477 3224 nanciscatur.

108 3266 248 3327 Wolfii
278 3271 406 3333 Oper·
426 3268 638 3329 Mathem.
672 3268 808 3322 Tom.
831 3272 922 3318 IV.

2142 147 2172 197 2
2186 138 2256 208 ¹7.

1628 275 1810 329 Aliter.

1250 374 1391 430 Loco
1406 374 1610 446 Sphaerae
1635 372 1808 445 ligneae
1832 364 1910 421 alii
1929 380 2127 420 utuntur
2142 363 2250 435 Cy*

1191 452 1352 507 lindro
1370 491 1387 515 ,
1420 452 1501 506 vel
1529 447 1811 522 Sphaeroide
1829 484 1843 509 ,
1870 449 1950 506 &‚
1979 459 2031 496 ut
2056 443 2256 495 Globus

1194 531 1450 602 aquaticus
1475 530 1522 582 in
1552 545 1681 599 aqua
1710 542 1844 579 totus
1870 536 2143 592 mergatur,
2162 537 2264 572 non

1195 625 1361 662 tamen
1416 605 1628 660 subsidat
1666 642 1683 666 ,
1733 600 1928 674 pondus
1975 599 2267 651 Plumbeum

1199 684 1506 757 appendunt.
1557 681 1766 751 Reliqua
1788 679 1918 732 'fiunt
1942 689 1995 728 ut
2021 689 2149 727 ante.

1286 759 1542 816 Interdum
1570 759 1730 812 Globi
1757 754 1919 830 paflim
1961 751 2267 822 perforantur

1204 847 1255 896 δε
1279 839 1462 895 ictibus
1508 851 1771 890 onerantur
1803 838 1890 900 (§.
1916 828 2050 897 54),
2088 827 2171 880 ubi
2200 842 2269 878 tam

1204 939 1315 973 men
1341 915 1617 970 cavendum
1634 954 1649 978 ,
1677 931 1736 966 ne
1756 914 1858 965 Ictu
1882 902 2086 978 exploso
2106 943 2120 967 ,
2149 921 2273 975 aqua

1204 999 1251 1050 in
1274 996 1537 1050 cavitatem
1566 991 1723 1045 Globi
1748 991 1894 1042 intret
1918 1008 1929 1038 ε
1957 984 2005 1035 id
2034 982 2171 1052 quod
2190 981 2277 1033 obn

1202 1076 1423 1134 tinetur,
1458 1070 1489 1121 si
1532 1069 1694 1139 primo
1743 1068 1860 1119 loco
1904 1056 2272 1133 explodantur.

1204 1168 1417 1223 quorum
1464 1145 1661 1221 orificia³
1695 1142 1971 1217 supremum
2002 1138 2165 1190 locum
2192 1154 2273 1188 oc-

1204 1242 1404 1301 cupant.
1464 1227 1599 1278 Cum
1637 1224 1764 1276 enim
1803 1219 2004 1276 Globus
2031 1215 2271 1268 continuo

1202 1308 1361 1360 levior
1388 1304 1594 1359 evadam
1618 1302 1775 1368 major
1796 1300 1899 1367 ejus
1925 1310 2032 1366 pars
2056 1293 2180 1345 ultra
2203 1289 2274 1345 su-

1203 1383 1449 1456 perficiem
1483 1398 1621 1452 aquae
1648 1379 1892 1432 continuo
1926 1371 2165 1427 attollitur
2194 1369 2274 1440 (§.

1202 1477 1267 1530 95
1300 1459 1576 1534 Hydroslat.
1607 1460 1643 1524 ).

1641 1559 1823 1616 Aliter.

1280 1670 1426 1724 Fiunt
1451 1669 1598 1723 etiam
1620 1669 1777 1723 Globi
1799 1660 2082 1735 Cylindrici
2110 1665 2158 1716 &
2177 1662 2270 1732 Py·
2286 1638 2467 1719 Tab.11.'

1205 1749 1394 1802 robolis
1437 1763 1705 1801 onerantur
1734 1785 1749 1809 ,
1794 1746 1938 1798 instar
1984 1711 2465 1795 GloborumF‘g'ss'

1210 1831 1471 1881 aereorum
1493 1864 1506 1887 ‚
1548 1823 1778 1895 lotusque
1806 1822 2050 1875 chartacei
2086 1818 2286 1890 affigun-

1207 1921 1304 1958 tur.
1349 1904 1574 1974 Exempli
1605 1902 1724 1955 loco
1759 1919 1908 1954 unum
1939 1896 2242 1952 delineamus
2268 1933 2285 1958 ‚

1209 1983 1255 2035 in
1284 2001 1390 2054 quo
1415 1983 1501 2036 AB
1530 1981 1683 2034 tubus
1716 1975 2051 2039 accensoriu8‚
2091 1976 2138 2029 in
2164 1978 2202 2028 B
2241 1977 2292 2027 δε

1208 2061 1258 2114 C
1274 2060 1570 2113 foraminula
1587 2055 1861 2112 accensoria
1878 2094 1892 2117 ,
1915 2073 2000 2127 per
2023 2072 2133 2126 qua·
2151 2052 2283 2123 ignis

1208 2136 1352 2211 serpit
1400 2135 1468 2191 ad
1520 2137 1770 2190 materiam
1816 2133 1998 2188 Globis
2051 2129 2284 2204 aquaticis

1209 2217 1456 2288 propriam
1500 2219 1550 2269 δε
1589 2212 1802 2286 superius
1847 2208 2138 2281 descriptam
2179 2210 2284 2262 CD

1210 2301 1260 2349 ὃς
1286 2297 1367 2346 BE
1383 2315 1396 2351 ς
1422 2298 1457 2348 F
1484 2296 1611 2346 Ictus
1637 2293 1921 2345 chartaceus
1947 2289 2153 2343 Pulvere
2176 2304 2280 2359 gra-

1208 2375 1382 2427 nulato
1429 2373 1643 2442 repletus
1681 2390 1694 2427 5
1753 2372 1852 2423 GH
1889 2368 2178 2440 operculum
2228 2365 2281 2417 li-

1209 2469 1428 2525 gneum3
1473 2450 1644 2504 IKLM
1676 2447 1846 2501 tabula
1877 2464 2016 2518 aquae
2041 2446 2278 2499 innatans·

1210 2528 1561 2585 Communiter
1615 2528 1743 2579 hunc
1782 2525 2006 2579 Globum
2056 2525 2282 2580 Examen

1211 2627 1352 2682 apum
1377 2606 1627 2679 appellare
1654 2602 1826 2659 solent.

1391 2711 1834 2762 PRoBLEMA
1901 2707 2107 2759 XXIX.

1292 2826 1387 2882 97.
1433 2811 1642 2867 Globum
1693 2814 1960 2882 terrestrem
2008 2827 2282 2883 componere.

1487 2923 2012 2975 RfisoLurto.

1227 3034 1271 3075 1.
1302 3017 1407 3072 Fiat
1434 3016 1627 3090 Sphaera
1655 3015 1817 3087 lignea
1854 3029 2000 3074 cava,
2027 3009 2161 3075 cujus
2191 3003 2289 3057 dia-

1340 3112 1497 3148 meter
1529 3093 1679 3165 paulo
1704 3093 1864 3145 minor
1889 3089 2133 3142 diametro
2158 3088 2291 3137 Mor-

1336 3174 1473 3238 tarii,
1502 3187 1556 3227 ut
1578 3185 1692 3225 ante
1719 3189 1811 3240 pro
1835 3167 2016 3224 Globis
2040 3159 2288 3233 aquaticis.

1663 3250 1704 3301 E
1728 3265 1757 3301 e
2084 3243 2287 3298 λοιπον
