2641 3687
254 138 432 213 capJ.
488 135 606 197 DE
662 134 1087 196 'REGULIS
1140 133 1429 192 ARTIS
1485 134 2042 199 MUNOENDJ.
2168 152 2285 211 '249'

30 266 148 330 Foffae
178 268 291 328 sicca
323 280 408 331 pra
447 272 570 334 aquis
601 272 741 333 plena.
779 264 1089 329 Eruptionibus

27 341 162 389 enim,
193 352 279 399 quae
295 339 476 383 maximi
493 341 645 384 merito
663 336 775 395 fiunt
791 337 835 381 in
855 332 1088 392 defensione

25 402 513 460 Munimentorum‚sicca
532 404 588 457 eszz
603 404 828 465 aptissima,
854 403 909 446 (9⁸
927 398 1085 460 repulso

23 471 166 519 Militi
185 468 443 528 praefidz'ario
463 471 723 530 certissimum
740 467 893 528 asylum
909 464 1084 527 prabet,

22 536 249 597 meliusque
268 535 438 593 defendi
454 535 609 597 potest,
622 552 670 581 ac
688 537 851 581 aditum
874 534 926 577 ad
940 536 1084 592 Opera

19 614 195 650 externa
231 603 409 664 indeque
433 603 486 647 ad
505 602 674 648 Vallum
698 601 952 665 primarium
970 600 1083 646 redi-

16 681 106 717 tum
118 666 363 728 faciliorem
394 669 598 719 concedit.

246 756 712 810 SCHOLION
776 756 841 809 V.

17 857 22 868 '
84 865 136 905 93
155 884 165 896 .
202 854 256 898 In
284 853 446 913 angulis
477 849 597 912 Foffae
616 848 726 911 sicca
752 851 876 897 Scalae
888 850 959 908 seu
979 864 1081 912 gra-

15 916 90 966 dus
122 921 370 964 excitantur
391 951 404 971 ,
425 932 473 966 ut
501 935 556 965 ex
592 918 675 969 Via
695 931 889 984 cooperta
917 919 960 964 in
989 933 1083 966 eam

11 984 153 1047 facilis
172 983 229 1043 fit
246 984 462 1043 descensus.

138 1064 639 1118 DEFINITIO
705 1064 957 1119 XXVII.

94 1153 184 1202 94.
229 1141 385 1210 Opera
414 1161 613 1195 externa
647 1157 889 1195 vocantur
915 1181 929 1205 ‚
969 1160 1080 1216 quae

18 1215 142 1270 ultra
179 1214 370 1271 Pollam
394 1219 594 1273 Vallum
620 1221 897 1291 primarium
924 1222 1080 1274 ambi-

17 1311 174 1347 entem
223 1300 540 1359 excitantur,
592 1314 695 1351 tum
739 1298 802 1350 ad
843 1297 1080 1353 hostema

18 1372 326 1426 Munimento
355 1374 548 1446 longius
568 1375 836 1429 arcendum
852 1416 865 1440 ,
887 1393 990 1431 tum
1013 1380 1078 1432 ad

18 1450 211 1504 Vallum
241 1451 522 1519 primarium
557 1454 855 1527 tegendum,
883 1471 987 1509 tum
1014 1458 1079 1511 ad

20 1527 164 1581 hostis
184 1528 306 1582 vires
331 1529 697 1603 infringe11da8‚
726 1547 829 1587 tum
862 1535 932 1589 ob
960 1534 1078 1591 fines

15 1624 218 1679 agnatos
253 1608 393 1663 alios.

187 1711 828 1770 CoaoLLARIUM
890 1719 929 1770 I.

85 1817 160 1862 95.
196 1807 324 1854 Fines
363 1807 407 1854 hi
429 1811 475 1855 in
507 1809 761 1858 universum
785 1829 947 1862 omnes
970 1832 1078 1864 cum

20 1870 242 1919 necessarii
264 1873 346 1921 sint
364 1875 422 1922 ad
447 1874 794 1925 defendendum
821 1884 1079 1931 Munimen-

19 1947 115 1982 tum
134 1937 152 1996 (
170 1943 284 1999 J„z.
310 1946 352 1987 &
374 1940 463 2003 seq.
488 1940 661 2001 );hinc
694 1960 795 2005 quae
819 1946 922 2007 ipfis
955 1949 1078 1997 satis-

16 2000 190 2051 faciunt
219 2007 370 2068 Opera
394 2021 583 2055 externa
602 2042 617 2062 ‚
648 2010 706 2057 ad
745 2011 1077 2076 perfectionem

17 2071 290 2120 Munimenti
309 2071 633 2124 defiderantur.

198 2170 754 2227 CoaoLLARwM
820 2177 895 2230 II.

88 2275 165 2322 96.
203 2268 440 2326 Quoniam
462 2270 615 2331 Opera
645 2287 827 2321 externa
847 2277 962 2323 vires
979 2273 1079 2323 hos-

24 2331 81 2379 tis
101 2333 348 2396 infringere
374 2335 546 2383 debent
573 2340 647 2391 (55.
667 2354 730 2398 94
748 2343 785 2394 >3
817 2339 1077 2391 defenfione

23 2396 264 2447 sufficiente
283 2401 470 2449 minime
493 2416 706 2459 careant,
744 2423 826 2454 nec
854 2412 899 2454 in
929 2408 1078 2470 potes-

25 2476 162 2513 tatem
215 2468 354 2514 hostis
390 2467 545 2516 dedita
587 2472 742 2518 locum
785 2475 1078 2537 Suggestibus

24 2529 261 2582 hostilibus
293 2532 528 2596 praebeant
543 2569 559 2589 ,
580 2536 751 2585 necesse
773 2541 849 2588 est.

289 2639 782 2700 ScHoLIOM

7 2726 9 2759 l
83 2737 159 2780 97.
197 2731 332 2773 Patet
351 2729 479 2779 adeo,
511 2744 591 2774 non
609 2731 837 2791 promiscue
856 2735 995 2780 omnia
1025 2736 1079 2780 O-

22 2801 118 2852 pera
138 2804 316 2839 externa
332 2792 513 2855 probari
535 2816 552 2847 ;
571 2794 637 2849 βά
656 2800 798 2858 potius
823 2799 1076 2860 improbari,

12 2873 101 2917 ¹quai
117 2860 239 2904 nimis
254 2861 428 2921 prolixa
447 2861 648 2921 copiosum
658 2864 851 2911 Militem
865 2865 1080 2927 praefidia-

12 2925 128 2970 rium
148 2929 373 2988 requirunt
386 2959 400 2979 ,
420 2933 468 2976 ὠ·
489 2928 602 2974 haud
625 2929 848 2990 difficulter
865 2945 1080 2996 expugna-

12 2994 66 3035 ’τι
84 2990 189 3045 hosti
205 2995 480 3041 emolumento
499 2993 612 3051 sunt.

96 3078 627 3134 [DEFINITIO
703 3084 987 3139 XXVIII.

94 3183 184 3237 98.
234 3175 471 3228 Parmula
523 3176 590 3228 est
638 3180 778 3247 Opus
821 3193 1078 3232 externum

90 3252 246 3322 Wolfiz·
274 3254 416 3326 Oper.
439 3253 698 3311 Mathem.
724 3259 872 3312 Tom.
898 3259 999 3312 IV.

1211 265 1440 319 ABCD
1485 281 1548 318 ex
1586 264 1785 320 duabus
1820 271 2008 325 nonnisi
2044 274 2404 332 FaciebusTab.
2429 287 2472 335 L*

1209 342 1434 395 constans
1464 346 1514 396 ὅ(
1536 342 1581 395 in
1610 345 1793 415 angulo
1814 347 1963 401 Fossae
1994 367 2107 407 ante
2123 347 2398 419 chorJig·
2421 359 2470 401 7·

1205 421 1320 476 darn
1343 422 1521 474 exstrui
1547 418 1756 477 solitum.

1382 511 1795 589 DEFINITIO
1860 516 2068 572 XXIX.

1287 627 1378 679 99.
1424 612 1634 669 Lunula
1693 616 1762 669 est
1817 621 1956 690 Opus
2018 636 2272 682 externum
2289 633 2461 689 Tab.1'.

1205 694 1436 748 EFGHK
1487 692 1725 747 Faciebus
1787 697 1838 748 δε
1889 695 1996 749 Alis
2054 709 2275 760 constans
2293 706 2459 767 fig-7·

1204 787 1356 842 atque
1404 785 1519 825 ante
1559 770 1817 842 Angulum
1861 775 2273 848 propugnaculi,

1205 848 1453 902 interdum
1494 848 1642 903 etiam
1665 864 1780 904 ante
1810 850 2070 910 Chordam
2098 859 2275 915 exstrui

1206 924 1419 982 solitum.

1487 1007 1523 1061 S
1549 1022 1580 1059 c
1610 1021 1644 1058 H
1673 1026 1705 1060 0
1736 1021 1765 1060 L
1796 1022 1814 1061 1
1847 1022 1884 1061 o
1916 1023 1974 1063 N.

1280 1132 1296 1160 1
1308 1131 1383 1162 00.
1416 1116 1591 1163 Lunulae
1607 1129 1708 1163 ante
1723 1118 1940 1178 Angulum
1961 1121 2272 1180 Propugnaculi

1206 1183 1327 1229 hodie
1341 1185 1422 1229 vix
1441 1182 1726 1230 adhibentur:
1748 1184 1862 1230 locus
1879 1196 2021 1231 tamen
2039 1185 2180 1244 iisdem
2200 1191 2273 1234 ad-

1206 1252 1283 1295 huc
1302 1252 1543 1296 conceditur
1561 1263 1662 1298 ante
1683 1253 1905 1300 chordam.

1381 1333 1877 1389 DEFINITIO
1923 1339 2097 1392 XXX.

1292 1445 1414 1487 101.
1457 1428 1817 1501 Prepugnaculi
1848 1439 2062 1486 exterius
2086 1434 2271 1487 Vallum
2289 1444 2395 1496 Tab.
2415 1450 2454 1496 I.

1204 1507 1272 1560 est
1296 1513 1440 1579 Opus
1470 1522 1726 1560 externum
1757 1510 1934 1563 LMN
1969 1508 2081 1564 solis
2112 1513 2382 1575 Facie-Fig-
2408 1529 2451 1574 7.

1203 1587 1296 1639 bus
1332 1585 1589 1657 praelongis
1622 1590 1672 1639 &
1710 1586 1949 1639 Faciebus
1973 1588 2116 1660 ipfius
2151 1593 2270 1645 Pro·

1203 1663 1466 1737 pugnaculi
1496 1663 1741 1736 parallelis
1765 1665 2007 1719 constans·

1507 1764 1978 1821 Senottom

1273 1883 1380 1917 102.
1414 1872 1688 1917 Recentiores
1714 1874 1788 1919 hoc
1821 1873 1940 1921 Vallo
1971 1886 2153 1921 utuntur
2182 1875 2268 1924 loco

1202 1938 1377 1986 Lunulae
1405 1974 1417 1989 ,
1455 1940 1563 2000 quod
1595 1951 1722 1984 antea
1748 1952 1880 2004 prope
1913 1942 2130 2002 Angulum
2164 1947 2269 1990 Pro-

1195 2006 1425 2069 pugnaculi
1444 2002 1733 2052 excitabatur.

1373 2083 1811 2136 DEFINITIO
1867 2087 2076 2140 XXXI.

1287 2190 1409 2242 103.
1446 2174 1699 2250 Forcipula
1712 2181 1913 2253 simplex
1937 2182 2004 2235 est
2024 2185 2165 2255 Opus
2188 2199 2273 2237 ex-
2287 2181 2394 2230 Tab.
2420 2186 2456 2232 1.

1202 2270 1395 2309 ternum
1431 2255 1601 2327 ingens
1636 2257 1943 2322 DABCE,
1979 2278 2041 2313 ex
2073 2261 2268 2315 duabus
2289 2253 2380 2313 Fig-
2412 2255 2455 2301 8³

1201 2334 1438 2387 Faciebus
1471 2335 1556 2387 ΑΒ
1596 2339 1646 2388 δε
1677 2336 1767 2389 BC
1814 2337 2050 2409 angulum
2086 2338 2264 2392 intror-

1201 2408 1300 2465 sum
1330 2414 1510 2466 flexum
1544 2416 1582 2466 B
1619 2414 2024 2469 constituentibus
2062 2434 2267 2490 compo-

1200 2488 1358 2544 fitum.

1400 2569 2079 2630 CoRoLLARsuM,

1274 2690 1380 2735 104.
1409 2674 1647 2738 Quoniam
1664 2675 1904 2737 Forprula
1928 2693 2021 2725 non
2040 2678 2182 2726 modo
2205 2678 2268 2727 ni-

1203 2741 1347 2787 mium
1379 2742 1570 2805 spatium
1596 2754 1800 2803 occupat
1820 2748 1860 2788 &
1881 2742 1984 2789 hinc
2003 2745 2120 2792 hosti
2140 2762 2268 2793 emo-

1203 2810 1417 2855 lumento
1443 2809 1503 2855 est
1533 2840 1548 2861 ‚
1593 2807 1672 2853 ubi
1705 2825 1802 2854 eam
1848 2811 2157 2872 expugnavit;
2193 2811 2269 2859 sed

1204 2879 1247 2919 &
1282 2888 1476 2937 propter
1500 2876 1718 2936 angulum
1747 2876 1782 2919 B
1809 2874 2097 2923 indefensum
2121 2882 2270 2933 (561)

1205 2945 1247 2986 δι
1269 2943 1410 2989 latera
1428 2945 1517 2988 AD
1544 2946 1586 2987 δε
1609 2942 1686 2987 CE
1705 2957 1798 2988 non
1826 2940 1928 2989 satis
1947 2940 2129 2990 defensa
2148 2942 2270 2991 haud

1205 3006 1446 3056 difficulter
1463 3010 1715 3071 expugnari
1736 3008 1916 3068 potest:
1949 3012 2046 3067 jure
2073 3007 2098 3056 a
2120 3025 2270 3056 recen-

1207 3073 1408 3122 tioribus
1442 3091 1498 3123 ex
1520 3074 1836 3123 Architeffitra
1863 3077 2049 3123 militari
2080 3073 2271 3139 proscri-

1208 3138 1345 3190 bitur.

1786 3256 1839 3311 li
2130 3255 2272 3311 ,Dt-
