2641 3687
269 177 337 226 82

714 283 899 341 Aliter.

276 437 322 478 1.
352 413 634 474 Affumatur
670 414 932 470 Rhombus
971 411 1033 464 ad
1083 410 1342 464 arbitrium

387 500 438 550 ἃ
459 496 504 548 in
532 494 734 549 Tabulis
757 489 1140 546 Loxodrornicis
1162 487 1341 541 subeo-

392 574 508 627 dem
539 587 835 643 excerpatur
866 566 1154 640 Longitudo
1192 570 1241 618 <Sc
1269 567 1341 618 iti·
1401 557 1404 614 l
1465 551 1512 602 3·

390 650 517 705 neris
570 651 818 720 quantitas
885 647 1011 700 datae
1068 642 1342 698 Latitudini

391 726 714 801 responden&

269 842 321 888 2.
346 831 446 884 Iter
467 828 641 882 datum
666 826 826 882 itineri
854 826 901 879 in
923 823 1130 879 Tabulis
1166 823 1341 878 inven-

383 923 440 962 to
465 906 706 968 addatur,
737 904 768 957 fi
811 905 877 957 ab
904 907 1178 974 AEquatore
1207 901 1342 954 navi—

388 1000 534 1058 getur
560 1006 573 1043 5
594 985 673 1037 vel
692 983 756 1036 ab
775 1002 836 1036 eo
864 979 1175 1034 subtrahatur
1190 1016 1206 1042 ,
1227 977 1257 1031 fi
1280 978 1345 1032 ad

389 1060 606 1118 cundem
635 1062 772 1116 navis
798 1059 985 1115 tendat.

1399 421 1403 439 ι

1400 442 1403 472 !

1400 475 1403 498 l

1400 499 1404 524 Ι

1401 526 1403 548 Ι

266 1183 319 1235 3.
346 1171 550 1224 Summa
604 1166 685 1220 vel
726 1164 1003 1219 differentia
1042 1162 1088 1216 in
1131 1159 1340 1215 Tabulis

288 1249 290 1252 ’
385 1248 684 1306 evolvatur,
712 1248 760 1296 3(
787 1261 897 1314 quae
915 1243 1055 1309 juxta
1081 1257 1187 1293 earn
1209 1256 1346 1292 corn-

386 1342 524 1398 paret
551 1320 841 1394 Longituclo
867 1318 896 1373 a
916 1317 1250 1392 Longitudine
1273 1313 1346 1369 su-

382 1422 471 1477 pra
496 1403 696 1456 inventa
711 1398 1039 1460 subtrahatur,
1055 1397 1132 1449 vel
1152 1411 1342 1449 contra.

382 1479 578 1554 Qodfi
593 1480 722 1532 enim
745 1478 930 1531 refidua
955 1473 1345 1546 fiatLongitudi-

382 1578 500 1614 num
515 1556 787 1612 differentia
802 1553 1202 1618 data‚Rhombtrs
1217 1552 1346 1605 bene

306 1665 313 1673 s
384 1636 618 1692 assumtus
644 1655 656 1691 3
686 1635 750 1688 fin
779 1635 965 1696 mian
1004 1628 1270 1685 mutandus
1299 1648 1349 1683 e-

381 1716 442 1770 rit
479 1715 527 1769 in
554 1714 704 1786 magis
737 1712 814 1765 vel
844 1713 1004 1765 minus
1042 1710 1341 1782 obliquum,

385 1811 480 1868 pro
511 1810 561 1846 re
587 1807 699 1845 nata
719 1830 732 1852 ,
761 1791 926 1844 donec
960 1788 1136 1843 eadem
1167 1805 1346 1860 opera-

385 1872 523 1925 tione
568 1870 777 1942 repetita
825 1866 1110 1922 differentia
1167 1866 1350 1937 Longi-

384 1949 615 2003 tudinum
661 1948 988 2018 relinquatur.
1081 1950 1211 2000 Tum
1255 1946 1346 1997 La·

383 2026 550 2081 titudo
597 2027 644 2079 in
682 2025 938 2079 Columna
979 2023 1135 2095 prima
1188 2023 1352 2076 itineri

392 2102 691 2177 respondens
737 2103 826 2157 erit
874 2102 1113 2158 Latitudo
1150 2100 1350 2157 termini

386 2183 601 2239 alterius·

435 2315 859 2369 PROBLEMA
933 2311 1166 2366 LXXX.

1405 1619 1411 1646 l

352 2454 482 2514 389.
529 2441 670 2495 Data
727 2440 1001 2515 differentia
1049 2438 1342 2511 Longitudi-

266 2546 383 2581 num
403 2561 416 2579 ,
449 2541 548 2575 una
587 2541 689 2574 cum
731 2519 1030 2572 Latitudine
1057 2522 1256 2572 termini
1280 2522 1352 2571 al-

271 2606 508 2662 terutrius
528 2636 549 2661 ,-
571 2615 715 2671 atque
733 2597 950 2659 Rhombo
970 2634 984 2658 2
1008 2603 1235 2650 invenire
1266 2602 1353 2650 iti-

269 2687 398 2737 neris
422 2683 753 2751 quantitatem
796 2675 855 2734 (ῥ’
901 2681 1101 2730 termini
1145 2680 1354 2730 alterius

271 2758 639 2815 Latitudinem.

581 2897 1048 2955 RESOLUTIQ

279 3046 332 3099 J.
357 3023 655 3087 Differentia
708 3024 1099 3101 Longitudinum
1154 3027 1354 3081 reduca-

352 3174 357 3177 ,
394 3125 473 3162 tur
508 3106 568 3159 ad
602 3105 824 3160 milliaria
879 3106 1228 3180 Longitudinis
1273 3102 1353 3159 seu

396 3188 544 3243 Latus
565 3185 1042 3254 Mecodynamicum
1069 3182 1089 3253 <
1110 3190 1160 3247 §.
1188 3189 1350 3253 383).

458 154 905 217 ELEMENTA
947 149 1504 222 GEOGRAPHIAE
1547 152 1642 207 ΕΤ
1682 145 2375 204 HYDROGRAPHIAE.

1465 290 1514 336 2.
1543 280 1616 333 Ex
1674 279 1846 331 Latere
1903 274 2329 346 Mecodynamico
2385 289 2541 343 atque

1578 356 1846 417 Rhomb0‚
1887 354 2161 408 inveniatur
2206 354 2300 406 iter
2338 349 2534 406 confec.

1578 449 1682 487 tum
1709 435 1788 504 (§.
1816 433 1977 502 324).

1541 541 1800 610 Qraeratur
1818 557 1879 591 ex
1905 535 2070 589 iisdem
2101 534 2225 588 datis
2250 536 2270 604 (
2292 539 2336 594 §.
2359 535 2528 604 327),

1579 611 1656 669 vel
1684 635 1743 669 ex
1768 616 2006 669 Rhombo
2033 614 2082 666 'Sc
2103 614 2275 666 itinere
2299 611 2531 665 confeeto

1577 695 1793 766 (§.323)
1833 694 2042 748 mutatio
2066 690 2389 743 Latitudinis:
2431 708 2531 761 qua·

1578 772 1722 832 data,
1761 772 1830 825 ob
1848 764 2026 825 'datam
2070 766 2404 822 Latitudinem
2441 786 2533 821 ter-

1577 851 1697 905 mini
1723 849 2028 913 alterutrius,
2056 845 2198 901 datur
2230 847 2375 901 etiam
2402 844 2531 901 Lati-

1577 927 1704 984 tudo
1732 929 1945 983 alterius,

1908 1057 2091 1111 Aliter.

1470 1204 1515 1244 1.
1539 1187 1688 1259 Pyxis
1713 1184 1852 1259 super
1891 1188 2078 1257 Mappa
2112 1181 2630 1264 HydrographitaTab

1579 1267 1669 1319 rite
1697 1266 1972 1318 collocetur
1997 1267 2234 1332 (§.384)
2263 1302 2276 1324 ,
2306 1267 2353 1315 ὅ(
2389 1264 2526 1330 juxta
2541 1253 2630 1314 HK·

1579 1345 1867 1398 Rhombum
1906 1340 2076 1395 datum
2112 1339 2321 1395 ducatur
2359 1343 2531 1396 Loxo-

1581 1420 1777 1476 dromia*
1799 1423 1886 1476 ab.

1404 1537 1406 1542 ’
1466 1539 1515 1583 2.
1545 1524 1773 1578 Ducatur
1827 1522 2132 1577 Meridianus
2175 1525 2215 1576 E
2256 1524 2292 1573 F
2340 1539 2424 1593 per
2464 1522 2537 1574 lo-

1583 1622 1695 1658 cum
1744 1603 1915 1655 datum
1963 1623 1994 1654 a
2040 1604 2091 1654 &
2134 1601 2397 1654 intervallo
2447 1600 2541 1654 dif-

1584 1681 1803 1737 ferentiae
1851 1679 2196 1752 Longittrdinis
2244 1683 2281 1732 F
2327 1680 2367 1732 L
2419 1679 2543 1732 alter

1583 1762 1625 1815 L
1648 1764 1702 1815 M
1726 1799 1742 1824 ‚
1775 1759 1853 1812 ·ad
1894 1776 2063 1828 quem.
2090 1758 2233 1812 navis
2283 1758 2545 1829 pervenit,

1585 1856 1641 1893 ut
1690 1838 1738 1891 in
1800 1838 2119 1890 problemate
2169 1836 2478 1908 praecedente
2527 1857 2546 1893 3

1585 1917 1671 1972 ubi
1720 1918 1757 1970 is
1796 1915 2190 1970 Loxodromiarn
2227 1912 2481 1968 intersecat
2531 1953 2547 1976 ‚

1585 1997 1655 2050 ibi
1706 1997 1773 2048 est
1820 1997 1958 2048 locus
2003 2015 2065 2056 c,
2113 1993 2175 2046 ad
2213 2011 2364 2066 quem
2410 1991 2550 2046 navis

1591 2091 1825 2147 pervenit.

1473 2186 1526 2240 3.
1554 2172 1724 2237 Qare
1769 2165 1801 2219 fi
1848 2184 1934 2238 per
1970 2189 1994 2221 c
2039 2166 2249 2220 ducatur
2298 2168 2421 2220 ΝΟ
2468 2164 2552 2239 ipsi

1588 2251 1635 2302 A
1663 2252 1700 2301 B
1741 2245 2012 2317 parallela3
2057 2249 2149 2300 erit
2192 2243 2318 2301 NA
2360 2246 2553 2300 Latitu=

1589 2325 1658 2380 do
1694 2324 1820 2376 illius
1854 2324 1968 2376 loci.
2478 2334 2480 2339 ’
2538 2365 2541 2367 .

1472 2448 1525 2494 4.
1554 2429 1817 2502 Quantitas
1844 2428 2030 2482 itineris
2067 2450 2098 2482 a
2124 2451 2149 2483 c
2183 2427 2445 2483 reducatur
2479 2422 2547 2480 ad

1590 2507 1812 2564 milliaria
1833 2505 1856 2576 (
1874 2512 1917 2568 ἓ.
1944 2517 2050 2576 376
2077 2507 2118 2578 >-

1920 2657 2103 2711 Aliter.

1483 2806 1528 2847 Ι.
1559 2787 1662 2844 Sub
1697 2785 1935 2841 Rhombo
1974 2785 2096 2839 dato
2141 2797 2381 2855 quaeratur
2415 2781 2505 2835 iter
2532 2818 2547 2844 ,

1592 2871 1642 2921 &
1694 2864 2040 2936 Longitudinis
2095 2862 2301 2916 mutatio
2351 2853 2550 2932 respon-

1590 2945 1711 2999 dens
1741 2944 1786 2996 in
1818 2943 2023 2996 Tabulis
2052 2938 2431 2995 Loxodromicis
2459 2940 2552 2993 La-

1589 3021 1788 3077 titudini
1822 3021 1966 3074 datae.

1477 3140 1525 3186 2.
1555 3125 1605 3183 Si
1635 3122 1888 3195 navigatio
1914 3121 1969 3175 fit
2000 3118 2159 3175 versus
2183 3119 2393 3183 Polum,
2419 3119 2552 3171 Lon-

1592 3202 1828 3278 gitu-dinis
1854 3200 2065 3259 mutatio
2092 3198 2304 3256 addatur
2320 3196 2560 3331 Loctligitu-

2428 3289 2562 3329 mum
