2610 3687
759 130 1712 222 PRAEFATIO.
2265 141 2401 220 vix

118 307 305 413 {quod
340 303 542 382 ubivis
565 303 861 377 locus‘fit
887 301 1245 401 cognitioni
1286 307 1550 371 Naturae
1588 293 2081 367 Mathematicae.
2186 293 2405 368 Ratio-³

121 428 274 489 nem
306 438 456 486 vero
495 409 817 481 reddimus
865 407 929 476 in
966 404 1335 476 Praefatione
1383 399 1663 471 Scientiae
1702 397 2032 467 utiliffimae
2062 393 2355 492 praemissa
2381 448 2399 473 ‚

124 543 235 589 cur
261 515 389 586 hoc
417 539 552 582 non
582 510 865 581 obstante
891 534 1034 578 eam
1061 503 1416 600 appendicis
1444 502 1625 572 instar
1651 498 1992 569 Elementis
2018 501 2236 571 nostris
2262 497 2400 569 sub-

125 621 385 716 jungere
415 614 616 686 visum
646 612 850 682 fuerit.
959 608 1210 700 Qodfi
1247 607 1386 703 quis
1425 605 1780 673 institutum
1808 604 2095 671 nostrum
2121 604 2398 675 damnet,

124 746 232 815 per
257 745 378 789 -nos
418 716 547 786 hoc
595 714 778 785 faciat
814 746 836 783 1:
871 710 1059 782 nobis
1099 708 1321 780 sufficit
1370 706 1707 778 satisfecisse
1755 704 2017 774 illorum
2059 704 2355 774 desiderio
2383 752 2400 778 ‚

123 821 238 917 qui
272 846 423 891 cum
451 817 810 888 Matheseos
837 813 1044 883 studio
1084 811 1533 882 Architectura:
1560 805 1782 879 Civilis
1820 807 2099 876 studium
2136 809 2404 900 conjun-

124 948 269 1021 gere
299 920 517 990 solent.
622 924 691 988 In
731 916 1076 987 Elementis
1114 918 1337 985 nostris
1372 911 1735 984 Matheseos
1763 907 2056 978 universae
2097 934 2231 977 non
2262 934 2405 977 om-=

127 1025 230 1095 nia
273 1020 608 1115 scripsimus
648 1019 951 1090 omnibus
995 1045 1014 1096 ,-
1066 1017 1130 1086 id
1183 1039 1399 1086 tamen
1451 1012 1637 1083 nobis
1686 1010 2084 1105 propositum
2137 1009 2294 1082 fuit,
2336 1033 2407 1079 ut

131 1124 614 1195 satisfaceremus
645 1120 920 1219 singulis,
1032 1118 1263 1215 Seligat
1291 1115 1750 1213 unusquisque,
1793 1140 1935 1210 quae
1960 1113 2039 1183 ad
2071 1114 2253 1182 suurn
2280 1111 2407 1180 fue-

133 1226 254 1296 rint
281 1223 576 1317 palatum.
681 1223 967 1296 Unicum
1008 1222 1301 1314 superest,
1331 1220 1427 1289 'de
1453 1246 1587 1316 quo
1615 1222 1958 1287 Le6korem
1987 1215 2236 1284 moneri
2262 1239 2409 1284 conr-²

130 1325 370 1396 sulturn
420 1326 731 1396 duximus,
839 1324 1245 1418 Propositum
1299 1320 1489 1392 nobis
1538 1343 1666 1389 erat
1719 1327 1945 1389 Tomo
1993 1316 2140 1388 huic
2181 1340 2409 1412 quarto

129 1427 612 1498 Elementorum
641 1427 1001 1507 Matheseos
1040 1425 1334 1495 universae
1360 1423 1733 1520 subjungere
1759 1421 2413 1491 Commentationem

132 1531 211 1600 de
247 1530 560 1624 praecipuis
605 1531 852 1626 Scriptis
905 1527 1377 1599 Mathematicis
1412 1552 1539 1596 una
1577 1551 1727 1595 cum
1766 1523 1974 1594 Indice
2014 1521 2422 1617 -locupletiffi-

133 1657 250 1702 mo
282 1630 346 1700 in
378 1659 601 1703 omnes
633 1658 911 1728 quatuor
943 1638 1229 1707 Tomos,
1261 1630 1371 1727 qui
1404 1628 1614 1698 Lexici
1648 1628 1829 1696 instar
1869 1625 1981 1696 effe
2008 1628 2224 1722 poffi't,
2253 1650 2417 1722 quae»

131 1734 285 1802 dam
325 1734 510 1805 etiam
543 1735 767 1805 addere
813 1737 891 1805 de
929 1734 1137 1803 studio
1193 1732 1559 1805 Mathese-os
1600 1731 1713 1800 rite
1755 1729 2138 1799 instituendo
2179 1753 2294 1823 pro
2328 1727 2416 1796 di-

130 1833 311 1907 verso
359 1835 728 1908 discentium
765 1840 943 1909 statu.
1048 1835 1396 1908 Enimvero
1435 1860 1587 1904 cum
1613 1834 1677 1903 in
1717 1831 1986 1902 nimiam
2021 1831 2269 1902 molem
2310 1856 2414 1924 ex-

131 1933 407 2007 creviffet
444 1948 691 2011 Tomus
731 1964 1024 2038 quartus,
1072 1965 1189 2009 nec
1222 1937 1619 2008 commodus
1667 1936 1739 2004 sit
1784 1934 2000 2005 indicis
2043 1934 2125 2005 ad
2175 1956 2415 2005 ceteros

131 2062 258 2107 una
303 2041 660 2132 pertinentis
702 2045 842 2113 usus
877 2096 893 2121 ‚
931 2044 974 2113 fi
1015 2040 1163 2112 huic
1198 2045 1499 2138 jungatur
1551 2068 1572 2129 3
1637 2037 1972 2109 confilium
2010 2061 2260 2107 mutare
2287 2062 2418 2107 ma-

134 2138 421 2217 luimus»
479 2145 754 2238 separato
799 2144 835 2217 a
894 2143 1143 2241 reliquis
1196 2143 1528 2216 volumine
1576 2168 1648 2211 ea
1698 2139 1997 2211 tradituri.
2107 2147 2416 2210 Ceterum

133 2266 287 2352 curn
325 2269 459 2315 non
502 2246 865 2319 dubitemus
891 2301 908 2325 ‚
949 2246 1281 2316 Elementa
1318 2250 1528 2316 nostra
1583 2243 1946 2314 Matheseos
1990 2245 2075 2314 ita
2112 2243 2225 2313 effe
2267 2267 2416 2312 con-

132 2344 383 2436 scrlpta,
428 2370 498 2419 ut
536 2375 653 2444 pro
679 2349 1013 2445 multiplici
1052 2349 1427 2419 discentium
1456 2350 1654 2443 scopo
1686 2345 1898 2416 multo
1935 2351 2003 2418 δε
2042 2343 2306 2424 laboris,
2346 2351 2417 2414 δε

134 2447 439 2541 temporis
477 2453 867 2548 compendio
900 2451 1096 2522 solida
1136 2477 1366 2522 eorum
1401 2503 1418 2529 ‚
1468 2478 1611 2549 quae
1643 2450 1820 2520 ‘noffe
1857 2454 2081 2544 Juvat>
2122 2447 2413 2546 cognitio

135 2549 371 2642 acquiri
401 2553 579 2644 possit
617 2582 636 2642 3
681 2555 770 2625 nil
817 2555 1022 2653 magis
1049 2555 1115 2624 in
1164 2554 1329 2624 votis
1371 2553 1721 2629 habemus,
1765 2577 1964 2649 quam
1998 2577 2068 2624 ut
2098 2577 2168 2622 ex
2195 2549 2412 2620 1εᾶἰο-

135 2673 216 2718 ne
260 2654 640 2726 eorumdem
666 2708 683 2733 ‚
722 2682 1056 2756 quotquot
1095 2658 1176 2728 ad
1217 2656 1491 2729 eandem
1527 2655 1871 2734 accedunt,
1914 2682 2024 2726 eos
2074 2653 2412 2751 percipiant

137 2750 424 2831 fruetus,
478 2782 642 2853 quos
695 2761 952 2832 Lectori
1007 2783 1255 2832 attento
1329 2783 1521 2858 atque
1564 2759 1803 2831 affiduo
1855 2757 2088 2855 absque
2139 2757 2410 2831 vanitate

138 2853 519 2946 spondemus
588 2870 602 2930 Ξ
678 2862 1007 2964 Marburgi
1047 2871 1397 2962 §atterum
1447 2863 1510 2936 d.
1554 2889 1642 2936 10.
1685 2860 2066 2959 Septembris
2114 2869 2187 2933 A.
2213 2867 2299 2931 O.
2329 2866 2405 2929 R,

143 2955 835 3062 MPCSXXXYH·
1989 2961 1992 2964 ’

2041 3169 2405 3247 BIBLIO-
