2641 3687
284 163 444 218 294-
651 145 1130 204 ELEMENTA
1190 142 1885 212 ARCHITECTURAE
1950 155 2292 215 civrrrs.

301 279 364 332 de
400 292 457 328 ac
491 269 679 346 sanguis
713 273 763 328 in
811 293 1024 350 corpore
1070 276 1290 330 humano
1330 278 1379 332 in

299 357 354 408 iis
387 351 649 405 circulatur
689 354 802 423 (m)
834 377 847 411 ‚-
891 351 1157 410 resediione
1209 375 1372 409 ramo-

298 450 407 505 rum
440 431 623 485 humor
650 430 828 484 inutilis
862 433 1079 504 abigitur
1111 438 1162 486 &
1190 434 1374 488 incilio-

300 670 348 719 in
386 666 589 719 frondes'
615 668 664 718 8<
703 664 882 719 fruCtus
923 667 1206 720 extulerunt
1230 671 1378 723 arbo-

301 762 378 797 res
404 781 417 807 ,
452 740 533 795 sed
564 747 612 796 δε
642 745 769 797 circa
820 745 1040 798 medium
1082 745 1379 800 Decembris
1439 755 1441 759 ’

301 840 432 883 terra
458 821 623 874 calore
658 824 822 874 aestivo
857 819 1047 894 prorsus
1073 825 1252 877 orbata
1280 828 1379 894 (n),
1440 830 1444 868 ἒ

228 893 234 898 ’
310 903 491 956 humor
518 939 531 963 ,
566 918 715 971 quem
743 901 855 961 alit,
884 901 1176 973 congelatur
1195 941 1211 965 ‚
1249 919 1302 957 ut
1332 903 1382 957 in
1443 929 1445 940 2

313 981 420 1033 illas
441 976 698 1032 ascendere
731 997 978 1052 nequeam
1010 981 1136 1033 circa
1166 982 1383 1036 medium
1443 981 1447 1021 ἕ

317 1077 440 1112 vero
478 1058 762 1120 februarii,
802 1059 919 1112 Sole
953 1056 1113 1111 versus
1146 1063 1385 1131 AEquato-
1512 1015 1955 1149 gzggfvaffilsssgme
2009 1039 2153 1076 mans
2208 1023 2482 1078 &edantur
2536 1041 2595 1076 ac

319 1156 424 1192 rem
465 1137 561 1203 jam
609 1136 756 1189 altius
810 1135 1145 1199 ascendente,
1198 1137 1387 1192 radices
1446 1144 1450 1196 ῗ
1783 1116 1810 1151 u
1842 1138 1854 1151 ⁰

320 1216 589 1269 earundem
620 1212 775 1267 rursus
799 1234 861 1268 ex
886 1232 1015 1268 terra
1041 1211 1238 1268 succum
1267 1218 1313 1269 in
1344 1215 1388 1269 se

321 1295 561 1365 TCCiPfflm
588 1312 601 1349 ⁵
643 1291 670 1344 ὰ
700 1293 865 1345 medm
903 1294 1198 1347 Deccmbr‘s
1238 1292 1390 1367 usque
1514 1331 1635 1394 fint,
1664 1329 1954 1395 innotescit,
1993 1333 2023 1386 fi
2046 1352 2133 1405 per
2162 1337 2415 1391 biennium
2438 1339 2484 1391 in
2515 1337 2586 1389 lo-

322 1451 583 1503 arboribus
612 1450 745 1503 inest.
779 1452 855 1504 Est
874 1450 1020 1522 igitur
1045 1466 1238 1525 tempus
1260 1453 1391 1526 ligna
1513 1427 1579 1462 αδ
1613 1411 1895 1481 patembus
1925 1429 2118 1477 'afflant
2154 1413 2296 1469 ¹Haesa
2339 1415 2464 1487 (⁰)'
2503 1433 2590 1470 aut

320 1373 384 1426 ad
415 1371 633 1424 'medium
679 1372 929 1424 Februarii
968 1371 1127 1425 minus
1169 1373 1391 1427 humoris

321 1527 543 1583 caedendi
569 1529 814 1599 optimum
848 1531 951 1596 (§.4
969 1526 1037 1595 ς).

560 1625 809 1674 PRossr.
841 1638 991 1675 EMA
1049 1623 1161 1676 III.

398 1711 489 1768 47.
538 1697 708 1771 Ligna
743 1706 846 1771 caesa
883 1700 1121 1771 exsiccare.

585 1797 620 1848 R
656 1811 681 1847 E
711 1812 732 1846 s
763 1814 794 1846 O
821 1810 850 1848 L
878 1814 910 1849 u
939 1814 970 1848 T
996 1812 1012 1847 1
1036 1816 1085 1848 O.

398 1889 649 1960 Congesta
687 1891 731 1942 in
771 1891 936 1943 locum
986 1889 1197 1952 ficcum,
1236 1890 1302 1943 ita
1341 1904 1393 1942 ut

318 1969 523 2021 humum
566 1987 666 2020 non
704 1969 994 2041 contingant
1018 2009 1033 2033 ‚
1070 1985 1245 2021 contra
1281 1970 1391 2040 plu-

323 2220 530 2273 quatur,
559 2204 719 2256 donec
739 2208 843 2275 post
870 2206 1066 2258 tertium
1093 2204 1192 2258 fere
1208 2222 1391 2259 annum

325 2281 457 2335 lente
490 2279 665 2334 fuerint
692 2282 948 2336 exssccata.

403 2360 584 2411 Pluviae
633 2358 1009 2414 exiit-canonem
1066 2358 1340 2431 impediunt
1378 2378 1390 2414 ;

323 2437 465 2491 radiis
491 2438 617 2490 Solis
641 2439 859 2509 expolita
886 2440 1018 2512 ligna
1045 2441 1188 2492 rimas
1210 2455 1394 2509 agunt,

323 2516 538 2569 medulla
559 2519 742 2570 tardius
761 2518 1000 2572 exsiccata
1025 2558 1037 2582 ‚
1072 2536 1221 2590 quam
1247 2517 1397 2590 pulpa
1457 2503 1460 2563 ἶ

322 2596 601 2649 exteriore:
637 2596 771 2649 humi
798 2598 1037 2668 prostrata
1065 2597 1296 2651 humores
1330 2598 1397 2650 in-

322 2674 388 2726 de
428 2674 706 2728 attrahunt:
745 2674 774 2727 fi
809 2677 964 2729 ventis
1005 2673 1218 2729 accessus
1250 2691 1397 2747 nege-

323 2768 437 2813 tur,
479 2769 687 2821 vapores
738 2753 952 2808 exhalati
990 2772 1153 2808 aerem
1191 2768 1396 2807 conten-

272 2820 279 2825 ·
326 2847 431 2882 tum
471 2831 611 2883 nimis
637 2831 895 2886 humidum
939 2832 1155 2887 reddunt
1182 2869 1199 2894 ,
1234 2829 1400 2905 fitque

331 2906 708 2963 exficcationem
738 2912 1023 2966 ulteriorem
1042 2908 1318 2983 impediunt
1343 2914 1400 2966 li-

334 3004 532 3060 gnaque
559 2989 619 3042 ad
639 2988 947 3062 putredinem
974 2989 1094 3063 saepe
1117 2986 1400 3061 disponunt.
1463 2996 1467 3028 ἕ

383 3111 472 3160 (m)
504 3115 637 3153 Per-alt.
659 3114 695 3154 in
715 3117 808 3154 Not.
826 3116 870 3157 ad
891 3120 1029 3173 Vitruv.
1049 3116 1133 3156 Lib.
1148 3120 1195 3156 11.
1216 3132 1250 3159 c.
1265 3129 1404 3163 9.n.7.

334 3161 365 3205 f.
384 3177 435 3203 m.
457 3176 514 3212 50.
540 3166 580 3204 δε
611 3168 778 3201 Marione
805 3167 896 3207 Esslu
924 3170 1093 3219 premier
1112 3168 1210 3211 dela
1237 3173 1404 3220 Vegeta·

336 3216 419 3256 tion
453 3217 518 3256 des
545 3215 698 3255 Plantes
715 3243 725 3260 ,
761 3224 872 3263 μσς.
894 3219 932 3257 Sc
952 3220 1053 3270 seqq.
1176 3256 1178 3259 .

384 3267 462 3314 (n)
508 3267 672 3305 Marione
704 3264 772 3308 ΕΠ·
788 3278 825 3319 3.
845 3281 881 3319 p.
899 3271 961 3318 38·
990 3270 1030 3310 δι’
1050 3265 1151 3323 seqq.

1720 286 2190 342 PROBLEMA
2265 289 2370 344 IV.

1577 405 1672 457 48.
1719 395 1962 452 Saxarum
2005 399 2064 460 ό*
2101 399 2442 458 Caementorum
2475 407 2578 461 vir·
2637 399 2640 463 l

274 529 364 563 ·ne
398 510 558 562 trunci
597 508 723 563 facia
750 548 765 571 ‚
810 513 897 580 qui
931 512 1049 563 inest
1076 549 1091 572 ,
1143 513 1373 567 exstillat.
1438 562 1440 564 ,
1499 489 1628 528 tutes
1658 479 1917 548 ‘'xl‘hmn'·

299 592 362 643 Et
387 587 500 658 quia
524 606 624 640 non
652 587 809 640 modo
833 607 920 660 per
943 590 1150 642 aestatem
1178 587 1375 644 succum
1437 596 1440 636 ἶ

1801 590 2276 647 RESOLUTIO.

1587 704 1832 760 Saxorum
1866 706 2073 768 virtutes
2098 706 2231 771 sunt,
2271 725 2323 763 ut
2348 708 2584 764 oneribus

1508 780 1720 836 ferendis
1750 802 1916 855 parem
1948 786 2164 840 habeant
2194 787 2470 841 firmitatem
2490 827 2504 851 ,
2533 803 2588 840 ut

1506 856 1686 914 duritie
1721 862 1769 914 vi
1808 864 1994 935 ingenti
2037 864 2288 929 relistant,
2325 885 2386 919 ne
2427 867 2471 918 vi
2511 866 2593 918 fri-

1508 939 1641 1010 goris
1669 940 1750 993 vel
1792 941 1914 1013 ignis
1947 940 2201 1006 dissiliant,
2243 963 2335 998 nec
2379 947 2443 997 ab
2484 947 2593 997 a'ere

1593 1175 1814 1230 Durities
1864 1178 2109 1231 Saxorum
2152 1180 2459 1251 percuffione
2503 1197 2590 1233 ex-

1514 1251 1754 1324 ploratur.
1783 1254 1867 1307 An
1895 1255 2014 1309 aeris
2040 1257 2239 1323 injurias
2267 1256 2465 1313 sufferre
2491 1255 2593 1332 pos·

1513 1487 1544 1540 fi
1570 1487 1616 1540 in
1644 1506 1825 1560 aquam
1846 1487 2025 1543 fortem
2055 1491 2134 1545 vel
2161 1511 2475 1547 communem
2502 1495 2586 1548 de-

1515 1565 1722 1620 mersum
1745 1572 1795 1621 ὃς
1823 1568 2074 1621 verriculis
2101 1569 2269 1625 ferreis
2293 1572 2586 1626 defricatum

1450 1674 1455 1701 2,
1512 1642 1843 1716 fragmentum
1881 1647 2036 1699 limosi
2066 1648 2183 1701 nihil
2215 1650 2445 1723 relinquit
2476 1651 2586 1723 (p).

1451 1731 1456 1785 ξ
1514 1723 1593 1775 An
1619 1724 1682 1776 ab
1708 1725 1820 1796 igne
1844 1740 1950 1778 tuta
1969 1723 2060 1779 effe
2084 1726 2261 1799 poffint
2278 1767 2292 1790 ,
2313 1730 2588 1792 constabit,

1516 1799 1546 1852 ii
1579 1800 1908 1872 fragmentum
1951 1805 2049 1876 igni
2086 1808 2394 1861 immittatur.
2464 1811 2592 1862 Saxa

1453 1900 1456 1941 ².
1503 1880 1579 1946 'ab
1609 1881 1814 1934 humore
1848 1881 2004 1933 vitiari
2029 1884 2296 1937 arbitratur
2332 1888 2587 1940 armam

1454 1971 1457 2002 1
1515 1962 1596 2030 (q)
1612 1997 1630 2023 ,
1659 1958 1690 2012 fi
1714 1977 1843 2030 aqua
1868 1957 2015 2013 affusa
2041 1964 2340 2034 gravitatem
2370 1982 2535 2038 auget.

316 2048 422 2100 -vias
439 2085 450 2107 ‚
473 2044 697 2117 Solisque
721 2049 885 2101 aestum
911 2045 1116 2119 desuper
1142 2063 1390 2119 tegantur3
1454 2068 1457 2072 ’

321 2125 647 2196 undiquaque
674 2142 839 2178 autem
878 2127 975 2179 a'eri
1009 2123 1220 2179 acceffus
1252 2126 1393 2179 relin—
1454 2176 1456 2178 .

1739 2089 2202 2143 THEOREMA
2287 2090 2371 2144 II.

1596 2213 1690 2264 49.
1726 2198 1858 2253 Saxa
1877 2204 2029 2270 aestate
2045 2223 2101 2255 ex
2126 2204 2402 2272 lapicidinis
2420 2207 2586 2264 eximi,

1516 2297 1601 2330 nec
1653 2287 1867 2333 recentia
1910 2283 1980 2333 ad
2014 2282 2321 2349 struc‘t'uram
2372 2280 2588 2334 adhiberi

1519 2355 1703 2410 debent.

1598 2435 1781 2487 Omnia
1809 2434 1938 2488 enim
1965 2436 2094 2490 Saxa
2116 2435 2326 2490 humore
2353 2450 2554 2507 turgent
2577 2474 2592 2498 ,

1521 2513 1607 2566 ubi
1637 2532 1698 2566 ex
1734 2506 1994 2586 lapicidina
2019 2531 2287 2578 eruuntur,
2324 2514 2411 2588 qui
2436 2514 2597 2568 hieme

1459 2598 1462 2640 ζ
1522 2592 1810 2662 congelatus
1837 2593 2133 2664 expanditur
2175 2610 2356 2647 nexum
2381 2594 2596 2645 molecu-

1459 2682 1462 2725 3
1521 2669 1677 2723 larum
1708 2671 1819 2724 hinc
1847 2671 1962 2724 inde
1992 2665 2207 2723 diss'olvit
2232 2710 2247 2734 ,
2286 2676 2337 2726 c&
2365 2671 2425 2725 fic
2450 2670 2595 2723 firmi-

1523 2765 1595 2801 tas
1630 2747 1907 2801 destruitur.
1968 2749 2060 2802 Ast
2088 2749 2249 2802 aestate
2278 2748 2425 2804 radiis
2466 2748 2596 2801 Solis

1524 2825 1742 2898 expofita
1796 2830 1924 2880 Saxa
1982 2824 2243 2882 ficcescunt
2291 2833 2341 2883 ὃς
2387 2823 2591 2881 successu

1525 2905 1764 2978 temporis
1785 2901 2067 2961 solidantur.

1825 3014 1831 3018 ’
2418 3015 2488 3070 Sc
2500 3029 2590 3067 Ho-

1635 3108 1658 3128 O

1579 3163 1651 3212 (0)
1689 3164 1874 3205 Vitruvius
1911 3169 1996 3210 Lib.
2028 3171 2078 3209 11.
2107 3182 2138 3208 c.
2154 3178 2191 3216 7.
2211 3165 2308 3207 Em.
2326 3175 2388 3211 27.

1580 3216 1654 3266 (p)
1695 3219 1826 3255 Alberci
1853 3220 1938 3261 Lib.
1958 3223 2010 3262 11.
2025 3230 2058 3262 t.
2078 3222 2113 3265 8.
2131 3232 2168 3269 p.
2181 3233 2234 3260 m.
2256 3227 2318 3267 25.

1580 3267 1653 3316 (7)
1689 3269 1782 3311 Loc.
1806 3269 1873 3311 cit.
