2641 3687
215 152 290 205 46
421 141 868 197 ELEMENTA
913 142 1470 199 GEOGRAPHIAE
1511 147 1608 201 ET
1647 144 2343 200 HYDROGRAPHIAE.

217 273 293 335 qui
313 268 443 316 nubes
464 270 630 316 vehunt
648 302 660 322 ‚
693 269 770 328 effe
793 272 978 330 diverfhs
1004 270 1058 319 ab
1087 271 1310 333 inferiori-

219 338 320 389 bus,
353 337 378 383 ιὶ
397 336 550 400 quibus
569 336 738 397 flabella
764 341 841 392 isba
859 342 1099 402 agitantur.
1136 341 1318 404 Qam-

220 405 368 452 obrem
397 408 524 451 venti
537 405 777 468 superiores
808 423 863 453 ex
893 419 1007 453 motu
1036 406 1210 453 nubt'um
1236 410 1315 464 dis-

222 475 453 525 cernendi,
489 488 576 536 qux
603 477 702 520 dum
729 477 774 520 in
809 477 1049 521 contrarias
1068 477 1217 536 plagas
1243 475 1313 534 fe-

223 553 381 585 runtur
405 570 417 589 ,
439 553 592 587 ventos
629 544 674 587 in
709 540 890 600 diversis
917 545 1027 587 aeris
1068 543 1312 601 regionibus

223 607 411 664 diverfhs
440 607 607 669 spirare
641 608 910 669 agnoscitur:
953 610 997 654 id
1033 610 1141 667 quod
1171 607 1310 662 aestivo

222 686 413 733 tempore
436 673 658 732 observare
675 675 803 728 licet,
837 678 1003 738 quando
1026 681 1100 720 αέν
1124 674 1310 734 inferior

214 740 386 797 serenus
402 773 415 795 ‚
447 758 527 788 non
544 740 765 796 turbidus,
784 745 1136 806 quemadmodum
1155 743 1306 789 hieme.

457 832 894 883 THEOREMA
953 831 1066 884 XL.

305 943 333 986 2
347 942 434 987 ΞΟ.
483 933 664 986 Ventus
695 951 779 1005 per
811 937 971 984 maria
993 931 1189 1004 spiram
1222 930 1307 985 hu-

222 1012 382 1063 midus
410 1011 492 1072 eff,
515 1013 912 1083 aestateftigidus,
932 1010 1099 1070 hieme,
1112 1012 1162 1080 st
1178 1031 1307 1082 aqua

215 1093 417 1143 marina
440 1094 494 1143 in
504 1093 714 1163 glaciem
735 1111 828 1142 non
845 1089 970 1143 abiit
985 1127 999 1151 ,
1019 1089 1225 1142 caslm'ns.

405 1187 1122 1241 DEMONSTRATIO.

142 1352 144 1355 v
303 1285 562 1354 Quoniam
589 1304 653 1339 ex
679 1304 806 1359 aqua
838 1285 1121 1339 constanter
1148 1282 1308 1339 ascen-

222 1364 351 1417 dunt
388 1382 597 1437 vapores
623 1403 639 1428 ‚
682 1363 859 1437 (quod
890 1364 973 1418 vel
998 1364 1178 1419 exinde
1206 1364 1311 1418 col·

222 1443 420 1514 ligitur,
447 1442 565 1516 quia
591 1461 731 1514 aquae
756 1444 803 1497 in
827 1441 940 1498 vase
963 1458 1140 1514 aperto
1158 1461 1311 1515 quan-

222 1524 336 1575 titas
362 1522 556 1593 aliquot
582 1523 715 1577 horis
741 1521 913 1594 elapfis
939 1523 1198 1576 imminuta
1226 1521 1311 1575 de-

224 1601 597 1674 prehenditur)
643 1600 902 1674 praesertim
941 1601 975 1654 si
1019 1601 1164 1656 radiis
1192 1598 1312 1654 sola·

225 1679 363 1734 ribus
391 1697 675 1752 exponatur
693 1705 708 1742 ,-
745 1683 832 1735 aer
861 1682 982 1734 mari
1020 1679 1313 1734 incumbens

230 1759 503 1831 vaporibus
547 1759 714 1814 multis
752 1760 1124 1832 impraegnatur.
1214 1756 1313 1812 Sed

228 1838 365 1891 venti
402 1856 489 1909 per
521 1840 672 1892 maria
708 1836 940 1910 spirantes
973 1842 1136 1893 aerem
1174 1838 1314 1890 istum

228 1915 490 1972 advehunt
518 1940 528 1970 :
572 1918 828 1971 advehunt
860 1936 986 1989 ergo
1018 1916 1205 1970 mul-tos
1237 1933 1315 1968 va·

228 2015 381 2068 pores
405 2035 423 2059 2
462 1997 698 2069 adeoque
749 1996 942 2050 humidi
983 1994 1108 2052 sunt.
1177 1995 1319 2061 Quod

226 2093 340 2130 erat
370 2097 539 2130 unum.

317 2157 474 2208 Porro
511 2172 641 2227 aqua
668 2152 858 2209 eodem
890 2154 1134 2227 temporis
1170 2153 1317 2207 inter-

237 2233 374 2288 vallo
399 2233 645 2287 minorem
667 2234 883 2289 calorem
906 2233 1144 2306 concipit,
1165 2249 1317 2304 quam

238 2329 456 2382 corpora
509 2313 751 2365 terrestria
795 2309 964 2367 iisdem
1010 2311 1158 2366 radiis
1197 2308 1318 2364 sola-

240 2392 378 2445 ribus
402 2388 626 2462 exposita
651 2415 665 2451 ,-
693 2391 855 2445 hieme
874 2408 1041 2445 autem
1069 2407 1199 2463 aqua
1219 2408 1317 2443 ma-

243 2469 351 2525 rina
371 2508 383 2526 ‚
420 2486 528 2540 quae
556 2469 602 2521 in
621 2469 833 2540 glaciem
849 2489 948 2525 non
969 2470 1094 2522 abiit
1116 2508 1129 2531 ,
1158 2469 1318 2522 minus

249 2547 427 2621 frigida
448 2565 596 2619 quam
622 2565 750 2602 terra
774 2549 932 2620 glacie
955 2546 1178 2602 obdursta
1197 2586 1213 2611 ,
1241 2546 1319 2600 vel

249 2628 446 2682 nivibus
471 2628 614 2680 reeta.
701 2630 870 2698 Quare
896 2630 1112 2680 cunsaer
1138 2645 1318 2699 corpo-

251 2709 292 2762 ri
332 2706 472 2760 alteri
513 2706 775 2778 contiguus
820 2707 1039 2759 calorem
1077 2709 1126 2760 δε
1163 2704 1320 2777 frigus

247 2788 355 2854 ejus
393 2785 678 2858 participet,
710 2784 1014 2856 experientia
1038 2785 1160 2837 teste
1192 2803 1207 2841 3
1236 2786 1322 2838 a‘er

249 2868 389 2938 aquis
431 2865 631 2917 marinis
671 2881 771 2916 non
807 2862 1124 2933 conglaciatis
1164 2861 1324 2916 conti-

247 2965 376 3019 gnus
415 2946 575 2996 hieme
626 2940 814 2994 calidus
843 2979 856 3002 ‚
908 2941 1069 2995 aestate
1119 2939 1337 3013 frigidus

252 3025 436 3079 exiss't.
464 3027 658 3076 Ventus
684 3019 812 3072 adeo
837 3019 1053 3072 eundem
1079 3019 1333 3074 advehens

258 3105 420 3157 :estare
446 3100 684 3172 frigidus,
711 3099 872 3154 hieme
904 3097 1109 3155 calidus,
1192 3099 1336 3172 Qod

255 3201 366 3239 erat
401 3186 624 3238 alterum,

1644 275 2291 329 COROLLARIUM.

1498 392 1554 423 22
1571 391 1608 423 1.
1647 380 1887 437 Quoniam
1906 381 2031 426 venti
2053 377 2233 424 humidi
2258 382 2410 425 aerem
2423 374 2507 422 ob-

1427 442 1636 491 nubilant
1655 479 1668 496 ,
1699 445 1915 507 adeoque
1935 459 2154 506 magnam
2176 444 2411 491 radiorum
2436 441 2508 489 so-

1423 511 1587 556 larium
1623 525 1803 573 partem
1855 511 2119 563 reflee‘tunt,
2162 524 2212 558 ut
2245 511 2301 557 ad
2335 523 2507 558 terram.

1425 577 1691 639 pertinge-re
1719 593 1953 640 nequeant
1990 595 2002 630 ;
2034 593 2131 638 quo
2156 579 2305 624 minus
2333 579 2408 623 Sol
2436 580 2506 623 in-

1424 643 1565 705 tegris
1590 644 1762 692 viribus
1782 661 1985 708 corpora
2005 643 2233 692 terrestria
2248 642 2504 696 calefaciat,

1424 709 1700 774 impediunt.

1638 784 2070 834 THEOREMA
2131 779 2287 833 XLL

1504 887 1629 932 222.
1677 878 1816 930 Venti
1850 894 1935 949 per
1966 897 2146 933 terram
2181 881 2503 930 continentem

1406 952 1654 1024 spirantes
1671 955 1784 1023 ficci
1807 954 1933 1023 sunt
1963 996 1978 1021 ,
2002 959 2158 1026 astate
2191 959 2376 1018 calidi,
2403 955 2505 1008 hie-

1422 1053 1495 1085 me
1511 1051 1672 1087 autem
1681 1034 1888 1106 fagidis

1613 1135 2336 1191 DEMONSTRATIQ

1505 1232 1580 1285 Ex
1625 1245 1756 1282 terra
1792 1231 2055 1301 pauciores
2103 1247 2312 1303 vapores
2347 1225 2509 1283 ascen-

1427 1306 1553 1362 dunt
1576 1347 1591 1371 ,
1635 1326 1788 1380 quam
1812 1326 1873 1363 ex
1899 1326 2095 1362 oceano
2112 1346 2128 1372 ,
2158 1308 2395 1381 adeoque
2422 1310 2507 1361 aer

1427 1385 1567 1460 super
1605 1403 1736 1441 terra
1774 1389 2064 1442 >continente
2094 1387 2356 1442 confistens
2392 1405 2510 1460 pau-

1429 1466 1650 1520 cioribus
1676 1484 1882 1538 quoque
1917 1467 2188 1540 vaporibus
2219 1468 2512 1540 impraegna-

1428 1562 1524 1600 tur.
1571 1545 1815 1608 Accedit,
1834 1546 1976 1617 quod
2003 1562 2211 1618 vapores
2234 1564 2414 1618 magna
2433 1564 2512 1599 ca-

1431 1625 1548 1678 loris
1577 1626 1624 1678 vi
1652 1642 1714 1677 ex
1748 1640 1880 1678 terra
1906 1624 2053 1679 eliciti
2086 1626 2341 1678 tenuiores
2374 1623 2465 1678 sint
2496 1656 2516 1688 ς

1432 1704 1667 1775 adeoque
1688 1703 1849 1756 minus
1876 1701 2116 1757 sensibiles
2140 1704 2364 1758 existant.
2408 1702 2514 1758 Sed

1433 1797 1611 1837 ventus
1640 1799 1729 1855 per
1762 1796 1941 1835 terram
1965 1784 2302 1837 continentem
2332 1779 2515 1856 spirans

1433 1866 1602 1916 aerem
1634 1860 1797 1915 eidem
1842 1860 2216 1916 incumbentem
2271 1862 2512 1919 advehit3

1434 1941 1663 2012 adeoque
1688 1956 1876 2012 paucos
1904 1958 2111 2012 vapores
2138 1937 2325 2014 eosque
2341 1957 2513 1996 tenues

1432 2018 1595 2074 secum
1620 2018 1770 2073 vehit.
1852 2019 1998 2089 Qod
2018 2036 2124 2074 erat
2139 2026 2375 2092 primum.

1514 2101 1675 2152 Porro
1716 2113 1844 2151 ter-ra
1899 2099 2060 2152 aestate
2107 2099 2264 2171 magis
2306 2099 2511 2167 calefit,

1436 2196 1587 2250 quam
1615 2193 1744 2249 aqua
1779 2174 1947 2230 iisdem
1985 2176 2132 2232 radiis
2156 2176 2396 2233 solaribus
2424 2198 2515 2252 pet

1436 2255 1572 2310 idem
1636 2254 1876 2327 temporis
1918 2254 2231 2311 intervallum
2274 2259 2511 2329 expofita.

1436 2339 1610 2404 Qare
1635 2352 1746 2387 cum
1777 2337 1862 2387 aer
1888 2336 2105 2390 calorem
2141 2337 2368 2410 corporis
2401 2356 2514 2392 con·

1435 2416 1557 2488 tigni
1582 2412 1880 2485 participet3
1910 2416 1995 2487 qui
2026 2415 2188 2469 aestate
2223 2430 2365 2470 terrae
2393 2436 2511 2472 con-

1437 2493 1613 2547 tinenti
1647 2490 1926 2554 incumbit,
1958 2494 2114 2566 magis
2134 2492 2328 2557 calefit,
2358 2514 2511 2566 quam

1438 2573 1523 2644 qui
1549 2569 1691 2643 super
1718 2570 1857 2641 aquis
1888 2572 2115 2626 consistit.
2175 2575 2365 2628 Ventus
2383 2575 2512 2628 adeo

1438 2654 1605 2705 aerem
1632 2648 1848 2703 calidum
1865 2651 2121 2706 advehens
2137 2649 2349 2708 calidus.
2378 2655 2520 2724 Quod

1437 2747 1541 2783 erat
1568 2728 1843 2797 ftcundum.

1518 2804 1716 2860 Eodem
1751 2805 1910 2860 modo
1957 2806 2235 2863 ostenditur
2262 2848 2278 2874 ‚
2313 2806 2514 2864 eosdem

1442 2901 1620 2941 ventos
1645 2885 1807 2940 hieme
1829 2886 2038 2959 frigidos
2071 2885 2180 2943 esse.
2249 2890 2393 2958 Quod
2411 2904 2517 2952 erat

1384 2997 1386 3004 ·
1446 2971 1666 3020 tertium.

1656 3059 2329 3116 CoRoLLARIUM.

1522 3175 1631 3214 223.
1669 3160 1907 3220 Quoniam
1938 3164 2062 3213 venti
2098 3161 2194 3210 sicci
2225 3165 2379 3209 aerem
2411 3161 2527 3210 seren

1457 3232 1604 3284 nant<
1630 3229 1672 3285 §.
1694 3245 1781 3275 221.
1802 3233 1843 3288 )‚
1880 3230 2095 3295 adeoque
2127 3229 2267 3279 radiis
2303 3229 2530 3278 solaribus

2333 3298 2533 3346 liberum
