2641 3687
338 148 445 195 222
684 134 1297 192 ELEMENTA
1379 134 2246 193 PYROTECHNIAE.

451 261 501 315 bi
529 258 671 315 ferrei
703 262 841 315 unius
867 262 1003 316 librae
1042 264 1127 316 AF
1157 260 1406 317 describa-
1461 272 1469 346 ξ
1524 267 1566 320 R
1595 280 1621 318 Ε
1652 282 1673 318 s
1704 284 1737 319 0
1764 280 1796 319 L
1826 281 1858 318 U
1890 282 1922 315 T
1959 281 1975 317 1
2005 285 2038 316 0
2105 270 2155 319 δε
2211 265 2267 317 D
2295 280 2323 318 Ε
2352 280 2393 319 Μ
2420 279 2456 319 0
2486 281 2522 320 N
2542 286 2595 324 -s-

442 355 523 393 tur
550 358 689 394 arcus
736 343 845 402 1³1⁵
881 341 973 394 erit
1022 344 1119 394 FG
1169 342 1409 395 diameter

434 420 599 471 Globi
624 418 878 490 plumbei,
907 424 992 472 PH
1017 419 1255 473 diameter
1285 421 1409 474 Glo-
1463 453 1467 464 ι

439 497 492 550 bi
520 497 684 558 ferrei,
702 501 749 549 &
770 501 830 550 H
855 498 1095 551 diameter
1109 498 1266 552 Globi
1291 498 1405 569 lapi-

440 575 520 627 dei
551 576 693 628 unius
722 572 990 630 semunciae.

325 666 371 719 §-
399 655 592 707 Eodem
616 653 790 718 vmodo
839 655 1140 725 reperiantur
1175 652 1402 706 diametri

436 730 722 784 Globorum
750 732 958 785 duarum
985 769 999 794 ,
1044 733 1192 784 trium
1220 770 1236 793 ,
1287 749 1402 802 qua.

432 825 551 862 tuor
579 813 676 863 &a
710 808 1065 863 semunciarum
1085 847 1098 871 ,
1127 809 1157 860 fi
1185 826 1246 862 ex
1286 827 1400 861 cen-

437 903 519 940 tro
544 887 588 940 A
615 888 739 939 intra
769 905 908 940 crura
936 888 1102 958 anguli
1130 886 1272 940 BAC
1300 882 1400 939 des-

426 966 686 1019 cribantur
741 983 880 1018 arcus
942 963 1188 1035 diametro
1236 963 1399 1017 Globi

428 1042 571 1095 ferrei
597 1042 825 1106 duarum,
848 1044 1023 1107 trium,
1050 1058 1267 1115 quatuor
1294 1046 1396 1097 &a

426 1121 687 1175 librarum·

525 1215 1183 1270 DEMONSTRATIQ

386 1294 649 1364 ‘Qoniam
725 1295 930 1366 angulus
998 1295 1129 1348 FAI
1199 1292 1395 1364 utrique

309 1371 588 1442 Triangulo
617 1371 728 1425 FAI
763 1378 811 1426 ὃς
849 1374 988 1427 BAC
1027 1372 1304 1425 communis
1345 1377 1395 1425 ὃς

314 1451 401 1503 AF
423 1471 502 1494 =
531 1451 637 1513 AI,
670 1467 820 1522 atque
843 1452 931 1504 AB
960 1473 1034 1497 Ξ
1062 1452 1160 1504 AC
1191 1456 1213 1514 (
1247 1456 1292 1511 §-
1320 1465 1396 1511 40

316 1525 486 1580 Geom.
506 1531 526 1592 )
545 1547 556 1582 ς
578 1528 668 1580 erit
697 1534 751 1583 Δ
779 1530 945 1584 ΡΑΙυ)
990 1536 1046 1584 Δ
1075 1527 1394 1582 BACductts

308 1602 517 1658 chordis
545 1607 612 1656 ΡΙ
643 1611 691 1659 &
717 1610 845 1669 BC,
871 1607 1247 1679 adeoqueAF:
1295 1607 1394 1659 ΑΒ

314 1704 395 1728 ·--.·.
424 1685 519 1734 ΡΙε
568 1685 762 1747 BC(§.
794 1695 891 1749 183
924 1684 1090 1739 Geom.
1120 1690 1158 1755 ).
1204 1685 1282 1738 Est
1315 1703 1396 1751 ve-

318 1779 376 1814 ro
403 1762 491 1814 AF
516 1762 578 1814 ad
608 1764 694 1815 AB
722 1779 772 1817 ut
797 1761 1036 1818 diameter
1061 1764 1219 1816 Globi
1255 1761 1397 1815 ferrei

313 1839 460 1892 :unius
485 1839 616 1892 librae
642 1841 702 1893 acl
729 1841 1026 1896 diametrum
1064 1842 1220 1896 Globi
1253 1840 1396 1894 ferrei

327 1931 394 1984 32
429 1916 665 1972 librarum
684 1937 771 1991 per
796 1925 961 1978 constr.
983 1960 998 1984 ‚
1026 1921 1259 1992 adeoque
1290 1935 1341 1971 ut
1370 1935 1388 1974 1

315 1996 388 2049 «ad
408 2000 464 2060 ’Ὀ
502 2010 567 2060 32
593 1997 672 2064 (5.
696 2013 798 2066 579
828 1998 1050 2069 (icam).
1096 2003 1232 2070 Ergo
1251 1999 1397 2050 etiam

325 2072 545 2127 subtensa
572 2079 627 2128 Pl
654 2078 719 2128 est
759 2077 821 2130 ad
847 2072 1125 2131 subtensam
1139 2080 1231 2132 BC
1249 2115 1262 2138 ,
1282 2092 1332 2129 ut
1370 2092 1388 2132 1

318 2149 390 2204 -ad
429 2159 487 2216 Ψ
512 2168 574 2217 32
595 2155 613 2220 <
634 2162 677 2215 §0
711 2165 811 2222 167
838 2156 1054 2208 Aritbm.
1086 2155 1123 2226 ).
1169 2155 1397 2209 Enimve-

325 2250 383 2285 ro
413 2231 632 2286 subtenia
669 2234 760 2286 ssC
786 2234 854 2286 est
880 2234 1122 2288 diameter
1146 2234 1305 2285 Globi
1334 2233 1399 2285 la-

326 2311 459 2381 pidei
482 2313 619 2363 unius
639 2310 800 2372 librae,
821 2310 899 2363 seu
933 2325 998 2378 32
1022 2310 1394 2366 semunciarum.

326 2392 463 2463 Ergo
497 2386 713 2442 subtensa
748 2390 807 2443 ΓΙ
841 2390 911 2442 est
950 2391 1106 2444 Globi
1130 2387 1312 2461 lapidei
1346 2408 1396 2442 u-

321 2470 433 2522 ·nius
471 2465 740 2521 semunciae.
823 2469 1012 2522 Eodem
1056 2470 1216 2522 modo
1262 2483 1396 2539 patet

319 2544 420 2600 ess'e
459 2542 729 2600 subtensam
772 2549 867 2602 ΡΗ
906 2547 1201 2601 diametrum
1238 2546 1396 2600 Globi

325 2624 532 2680 ferrei&
553 2621 823 2677 subtensam
849 2627 929 2678 FC
958 2627 1253 2680 diametrum
1276 2625 1399 2679 Glo-

325 2705 377 2758 bi
403 2702 622 2776 plumbei
654 2704 790 2755 unius
819 2701 1079 2759 semuncias.
1165 2704 1398 2759 Similiter

326 2783 457 2836 idem
496 2781 768 2834 ostenditur
800 2782 863 2834 de
894 2783 1147 2837 diametris
1194 2781 1398 2837 Globo-
1455 2800 1458 2810 ⁶

323 2881 434 2915 rum
461 2859 669 2913 duarum
690 2899 704 2923 ,
733 2860 878 2914 trium
901 2899 916 2922 ,
950 2877 1166 2934 quatuor
1205 2865 1304 2916 διε.
1335 2858 1398 2915 se-

323 2941 645 2994 munciarum.
735 2941 797 3010 Q.
821 2960 858 2992 e,
893 2944 941 2994 d.

481 3022 668 3072 Paos
694 3033 886 3070 [ΗΜΛ
954 3021 1233 3073 XXXIII.

139 3124 315 3172 Taby·
417 3113 435 3155 1
457 3114 539 3155 10.
576 3099 802 3150 Invem're
827 3099 1116 3151 diametrum
1137 3098 1400 3167 Glabt'ftr-

140 3182 404 3254 fig.42..rei
422 3216 436 3243 ‚
453 3176 669 3253 plumbei
695 3197 752 3231 ac
774 3178 954 3250 lapidei
986 3183 1132 3233 unius
1153 3177 1297 3233 librae.

1887 359 2235 399 TRATlo.

1532 462 1579 503 1.
1603 446 1783 520 Super
1846 446 2018 500 tabula
2075 448 2436 502 constituantur
2468 445 2598 502 2-duae

1641 543 1829 578 normae
1887 525 2029 578 ΑΒΕ
2065 529 2115 578 ὃς
2160 528 2288 580 BGF
2316 565 2331 590 ,
2388 544 2596 598 quarum

1641 620 1782 656 crura
1827 606 1919 655 ΕΙ)
1964 609 2013 656 δε
2047 606 2132 656 FG
2162 605 2225 657 ad
2260 605 2460 675 planum
2494 605 2596 670 ejus

1636 680 2063 751 perpendiculares
2088 680 2109 750 (
2134 692 2185 743 §-
2214 694 2321 739 212
2353 682 2520 735 Geom.
2555 680 2593 750 ).

1520 771 1573 815 2.
1613 759 1744 811 Intra
1774 759 1875 811 haec
1903 777 2041 812 crura
2078 760 2350 812 collocetur
2389 760 2594 815 'Globus

1633 839 1701 889 KI
1727 836 1939 898 ferreuS,
1975 838 2239 911 plumbeus
2267 838 2343 890 vel
2369 836 2591 910 lapideus
2627 858 2630 861 ’

1636 917 1806 968 exacste
1852 916 2095 969 rotundus
2133 916 2275 969 unius
2316 915 2453 969 librae
2481 954 2496 978 ,
2541 918 2591 972 δε

1632 1009 1818 1046 norma?
1836 992 1996 1046 eidem
2019 994 2407 1056 admoveantur,
2427 995 2591 1047 donec

1633 1068 1784 1141 ipsum
1807 1071 1852 1122 in
1885 1073 1904 1122 I
1931 1076 1978 1124 δε
2008 1077 2049 1125 Κ
2079 1074 2368 1144 contingant
2394 1093 2404 1123 :
2447 1084 2592 1124 erunt

1631 1151 1694 1202 El
1739 1154 1787 1203 δε
1823 1152 1905 1202 ΕΚ
1944 1150 2007 1203 ad
2055 1149 2350 1203 diametrum
2401 1147 2594 1202 Circuli

1631 1227 1830 1279 maximi
1857 1265 1870 1288 ‚
1892 1223 1970 1281 seu
2011 1227 2308 1281 diametrum
2344 1227 2502 1280 Globi
2528 1228 2593 1281 11<

1631 1304 2060 1375 perpendiculares
2086 1305 2107 1374 (
2135 1310 2179 1365 §.
2212 1316 2319 1371 308
2355 1303 2524 1358 Geom.
2551 1304 2592 1372 >-

1518 1396 1566 1448 3.
1613 1383 1866 1454 Qoniam
1893 1384 2058 1456 itaque
2085 1385 2172 1437 FG
2207 1388 2257 1437 8<
2289 1383 2383 1438 ΕΙ)
2411 1382 2474 1435 ad
2498 1400 2596 1435 rec-

1631 1477 1732 1515 tam
1768 1463 1860 1513 AB
1905 1462 2337 1534 perpendiculares
2373 1467 2434 1513 vi
2481 1481 2596 1514 num

1639 1556 1683 1596 1.
1741 1539 1863 1592 inter
1907 1537 1954 1593 se
2018 1540 2259 1611 parallelae
2307 1544 2328 1604 (
2383 1545 2430 1600 §.
2487 1545 2594 1604 256

1634 1616 1804 1670 Geom.
1833 1615 1895 1683 )5
1929 1618 2021 1671 erit
2051 1619 2251 1672 OG:
2278 1620 2346 1670 IK
2373 1616 2393 1686 (
2421 1620 2595 1676 §.226

1633 1693 1804 1749 Geom.
1840 1695 2471 1768 ).Qar>es1,notenturin
2499 1697 2596 1746 Ta-

1634 1774 1752 1825 bula
1784 1777 1963 1844 pune'ta
1990 1778 2040 1828 D
2070 1779 2120 1829 ὃς
2143 1778 2192 1829 G
2217 1794 2230 1831 3
2258 1775 2349 1828 erit
2374 1775 2476 1829 DG
2494 1771 2593 1826 dia·
2638 1784 2640 1792 ’

1633 1867 1788 1905 meter
1806 1853 1961 1907 Globi
1978 1851 2195 1924 quaefita.

1963 1948 2150 2004 Aliter.

1590 2038 1787 2115 Qodfi
1819 2043 2018 2097 Globus
2050 2047 2089 2098 L
2116 2062 2218 2098 non
2257 2042 2402 2099 fuerit
2436 2042 2598 2108 unium,

1514 2121 1593 2178 sed
1619 2122 1835 2194 plurium
1859 2122 2093 2176 librarum
2118 2123 2269 2176 veluti
2291 2137 2344 2188 9.

1524 2256 1568 2296 1.
1611 2238 1880 2294 Dividatur
1915 2238 2153 2291 diameter
2194 2251 2387 2307 reperta
2419 2237 2520 2289 DG
2547 2234 2592 2289 in

1644 2333 1790 2373 1000
1847 2333 2008 2387 partes
2065 2316 2276 2388 aequales
2315 2318 2334 2380 (
2377 2318 2423 2374 §.
2478 2326 2591 2382 277

1635 2393 1867 2461 Ceam).

1520 2513 1570 2560 2.
1598 2500 1852 2568 Quoniam
1883 2498 2040 2552 G30bi
2060 2496 2163 2551 sunt
2190 2512 2244 2550 ut
2268 2496 2380 2551 cubi
2404 2495 2588 2549 diame-

1637 2582 1868 2642 trorum(
1892 2585 1935 2640 §.
1972 2591 2075 2644 579
2099 2575 2263 2630 Geom.
2284 2574 2303 2642 )
2325 2598 2336 2629 :
2362 2574 2410 2628 Si
2436 2575 2592 2626 cubus

1647 2670 2028 2712 leoooooooo
2068 2652 2319 2707 dividatur
2354 2670 2439 2725 per
2481 2666 2512 2716 9
2544 2655 2594 2705 &

1638 2735 1751 2787 inde
1777 2735 2061 2787 extrahatur
2081 2733 2218 2786 radix
2238 2733 2412 2785 cubica
2454 2751 2467 2787 3
2505 2729 2595 2783 erit

1639 2830 1698 2866 ea
1722 2811 1963 2866 diameter
2011 2812 2169 2865 Globi
2210 2812 2348 2864 unius
2384 2810 2516 2862 librae
2546 2807 2595 2859 in

1641 2888 1908 2944 istiusmodi
1932 2891 2178 2964 particulis
2201 2928 2215 2951 ‚
2245 2887 2467 2959 qualium
2494 2886 2598 2940 DG

1642 2971 1710 3024 est
1744 2983 1920 3032 1000,
1944 2970 2176 3040 adeoque
2203 2968 2248 3019 in
2273 2966 2413 3020 Scala
2440 2960 2598 3016 modo

1643 3063 1809 3119 parata
1831 3070 1962 3104 num.
1996 3065 2042 3108 1.
2074 3044 2368 3119 magnitudo
2396 3044 2499 3112 ejus
2531 3042 2600 3104 inf

1643 3123 1865 3182 notescit.

2447 3254 2595 3305 PRO-
