2610 3687
813 135 1801 215 PRAEFATlo.
2400 142 2455 229 'v

161 312 380 399 eeptus
416 296 776 370 intricemus
803 345 819 371 ‚
870 320 1007 365 non
1047 293 1374 364 immerito
1412 291 1588 368 veriti
1627 318 1708 364 ne
1746 291 2009 365 scientiae
2043 294 2439 371 nobiliffimae

164 407 509 479 efficiamus
566 399 957 473 desertores,
1021 422 1188 492 quos
1255 397 1379 491 ipsa
1445 394 1697 491 propria
1747 396 2084 468 difficultas
2146 401 2431 496 deterret.

163 503 746 599 Qemadmodum
786 500 1000 596 itaque
1062 498 1144 569 ab
1193 500 1429 594 Optica
1475 499 1713 568 directa
1776 497 1949 568 haud
2000 498 2430 596 improbando

161 608 422 683 consilio
474 606 563 675 ob
612 602 818 674 solam
878 601 1289 671 materiarum
1342 601 1698 671 ubertarem
1750 601 2252 695 Perspedtivam‚
2310 614 2431 677 Ca-

161 711 496 808 toptricam
541 711 609 777 &
656 703 1052 799 Dioptricam
1091 706 1487 800 sejunxerunt
1527 703 1927 775 Recentiores
1954 756 1969 780 ‚
2038 706 2143 775 etsi
2181 713 2429 779 Veteres

161 815 380 887 omnia
420 811 500 882 ad
539 809 694 883 visus
733 806 1179 903 cognitionem
1222 804 1756 877 Mathematicam
1795 805 2167 901 pertinentia
2200 810 2263 877 in
2301 818 2431 903 Op-

158 917 276 988 tica
321 917 618 985 docerent
659 939 677 1000 3
726 910 810 980 ita
849 911 1094 1003 majore
1132 911 1266 1004 jure
1295 907 1777 1006 Geographiam
1802 961 1817 985 ,
1870 909 2423 1010 Chronologiam,

155 1024 226 1090 ὃς
269 1015 744 1088 Gnomonicam
804 1035 1115 1108 tanquam
1154 1010 1416 1084 diversas
1470 1010 1552 1081 ab
1608 1012 2024 1084 Astronomia
2081 1013 2427 1109 disciplinas

157 1123 422 1215 spectare
466 1117 791 1187 debemus,
901 1115 1019 1184 Sed
1063 1113 1303 1184 nemini
1339 1139 1408 1184 ea
1443 1113 1522 1183 de
1560 1139 1623 1182 re
1660 1112 1839 1184 litem
1890 1114 2300 1186 movebimus
2328 1169 2342 1193 ,
2383 1117 2427 1189 sl

150 1225 250 1293 cui
304 1220 473 1291 aliter
527 1221 722 1291 visum
766 1216 966 1286 fuerit.
1072 1222 1272 1286 Erunt
1319 1240 1538 1286 aurem
1588 1215 1842 1286 forsitan
1872 1270 1886 1293 ‚
1946 1218 2058 1316 qui
2109 1218 2426 1289 mirabun-

149 1347 251 1394 tur
286 1376 301 1400 ,
356 1349 464 1394 cur
492 1319 977 1417 Pyroteehniam
1028 1322 1097 1389 ὅς
1141 1317 1648 1390 Arcliiteeturam
1702 1318 2051 1391 Militarem
2092 1345 2285 1418 atque
2317 1321 2426 1393 Ci-

149 1426 343 1498 vilem
369 1478 384 1501 ,
431 1424 759 1520 praesertim
798 1449 907 1493 cur
958 1421 1444 1520 Pyroteclmiam
1485 1426 1556 1492 ὃς
1599 1421 1879 1493 Civilem
1920 1423 2426 1497 Architecturam

148 1529 212 1599 in
257 1553 597 1599 numerum
651 1527 1060 1596 Scientiarum
1105 1524 1711 1597 Mathematicarum
1763 1525 2176 1597 retulerimus
2261 1536 2425 1600 Non

147 1657 316 1730 nego
358 1631 421 1699 in
462 1629 886 1700 Architectura
926 1626 1187 1699 Militari
1228 1654 1559 1698 occurrere
1613 1626 1783 1698 haud
1826 1656 2023 1723 pauca
2049 1682 2063 1707 ‚
2106 1657 2247 1728 quae
2294 1629 2427 1701 abs-

58 1807 60 1809 ,
148 1759 273 1829 que
317 1731 621 1826 principiis
664 1730 1135 1802 Mathematicis
1175 1731 1632 1830 intelliguntur.
1743 1733 1879 1825 Qi
1928 1757 2142 1804 tamen
2186 1757 2425 1805 attenta

144 1860 362 1906 mente
390 1833 712 1904 Elementa
755 1837 963 1904 nostra
1001 1833 1300 1931 perlegit,
1350 1835 1520 1906 haud
1570 1832 1905 1906 difficulter
1937 1835 2413 1913 animadvertet,

144 1961 216 2008 ea
254 1936 366 2006 effe
403 1936 731 2031 principia,
767 1936 849 2006 ab
899 1937 1329 2008 Arirhmericae
1358 1986 1375 2013 ,
1426 1938 1810 2010 Geometriae
1869 1943 1939 2010 δε.
1986 1939 2423 2039 Trigonome-

143 2041 272 2110 triae
318 2038 522 2132 perito
576 2039 875 2110 sumenda
915 2092 932 2117 ‚
987 2064 1059 2111 ut
1108 2042 1176 2110 iis
1233 2041 1601 2112 satisfaciens
1668 2041 1998 2112 muniendi
2059 2042 2420 2114 Methodus

140 2141 399 2212 inveniri
450 2143 631 2235 poffit
671 2175 684 2210 :
732 2142 839 2212 ubi
896 2170 1048 2215 vero
1096 2141 1397 2216 Methodi
1461 2143 1795 2215 muniendi
1852 2145 2271 2240 explicandae,
2330 2144 2419 2216 ibi

38 2249 44 2258 '
135 2269 403 2340 quoque
450 2244 808 2336 explicanda
848 2247 1111 2319 veniunt
1158 2248 1486 2343 principia,
1513 2275 1655 2345 quae
1693 2269 2004 2345 tanquam
2031 2248 2284 2320 aliunde
2314 2275 2420 2319 co-

139 2348 312 2445 gnita
357 2345 618 2438 supponi
659 2348 927 2446 minime
977 2350 1248 2445 poffunt.
1359 2352 1677 2439 Quamvis
1730 2351 1943 2449 itaque
1989 2351 2147 2422 inter
2206 2350 2419 2431 Archi,-

140 2457 342 2519 teetos
366 2447 663 2519 Militares
700 2451 974 2523 eminere
1009 2456 1196 2548 poffis
1223 2507 1238 2531 ‚
1280 2454 1517 2526 etiamsi
1568 2453 1975 2526 Archimedes
2005 2453 2104 2526 vel
2142 2453 2428 2550 Apollo--

138 2552 278 2621 nius
317 2577 450 2619 non
477 2551 548 2620 sis
576 2605 591 2628 ‚
632 2579 746 2623 nec
783 2555 943 2625 inter
990 2563 1372 2629 Geometras
1409 2557 1729 2656 Analystas
1763 2557 2137 2628 recentiores
2169 2584 2286 2653 pro
2327 2555 2416 2626 di-

140 2652 293 2724 vino
331 2652 609 2724 habearis
636 2686 653 2744 3
686 2655 918 2756 absque
943 2659 1152 2757 aliqua
1193 2686 1414 2732 tamen
1445 2662 1898 2735 Arithmet‘icae2
1935 2659 2318 2732 Geometriae
2345 2683 2416 2729 ac

138 2756 671 2854 Trigonometriae
715 2761 941 2832 notitia
992 2764 1148 2833 nihil
1199 2763 1440 2834 efficies.
1550 2772 1713 2836 Non
1763 2790 1934 2862 nego
1990 2763 2150 2833 sumi
2201 2761 2413 2857 posse,

132 2881 275 2952 quae
306 2887 386 2931 ex
417 2857 576 2930 hisce
606 2863 883 2934 Scientiis
912 2890 1188 2937 numero
1213 2894 1348 2937 non
1379 2867 1542 2938 adeo
1574 2870 1780 2938 multa
1818 2867 2136 2962 perspecta
2175 2864 2287 2935 esse
2313 2864 2415 2933 de-

135 2955 315 3035 bent,
352 2963 912 3059 quemadmodum
943 2975 1013 3041 δε
1053 2970 1255 3068 vulgo
1288 2970 1559 3045 faciunt,
1618 2972 1726 3068 qui
1761 2970 1959 3040 solam
2002 2969 2213 3063 praxin
2253 2991 2412 3037 curae

126 3062 433 3158 cordique
470 3063 725 3138 habent.
794 3074 1020 3169 Ecquis
1059 3094 1211 3146 Vero
1249 3076 1381 3169 jure
1410 3073 1818 3167 reprehendet
1844 3125 1860 3149 ,
1903 3070 2411 3142 Architecturam

127 3162 475 3239 ‚Militarem
512 3170 669 3242 tradi
712 3198 792 3247 eo
821 3172 1005 3253 loco,
1057 3175 1168 3249 ubi
1211 3203 1284 3255 ex.
1321 3176 1739 3262 anterioribus
1780 3201 1918 3246 non
1956 3173 2081 3245 sine
2120 3159 2410 3279 demons-

1412 3287 1456 3329 κ
1510 3305 1540 3382 3
2143 3290 2410 3345 tratione
