2641 3687
108 1820 222 1868 Tab.
244 1824 281 1869 I.

108 1890 207 1950 Eg.
236 1893 278 1937 6.

224 2970 232 2977 ἱ
300 2905 524 2959 horarias
556 2906 822 2977 Horologii
851 2903 1205 2959 HorizontaliS.

315 157 421 217 158

423 270 527 326 lum
560 270 608 325 in
647 284 721 342 7,
759 272 1021 338 Asius,
1055 272 1135 342 Ας
1177 273 1226 329 in
1270 277 1381 343 5&

423 352 514 413 A4
541 351 591 404 in
625 365 679 414 4.

312 442 399 486 11.
430 433 617 483 Totum
657 430 870 484 Schema
895 428 1052 503 figura
1087 427 1335 499 quadrata
1361 468 1379 494 ,

429 508 670 571 ovali,vel
696 508 916 562 circulari
942 506 1380 562 circumscribatur.

315 600 401 645 12.
431 588 666 659 Denique
702 586 750 640 in
779 588 828 642 A
860 587 1018 641 Index
1052 586 1278 640 horarius
1311 587 1381 640 in-

424 665 607 739 figatur
634 663 816 719 faciens
836 683 948 718 cum
971 664 1121 719 Linea
1148 664 1381 718 Meridia‘

423 762 489 800 na
515 747 615 799 AB
648 746 882 815 angulum
912 744 1069 798 DAC
1112 743 1380 798 elevationi

423 823 535 878 Poli
565 821 808 894 :equalem
832 848 849 880 ,·
894 822 973 875 vel
1005 823 1054 875 in
1091 823 1142 875 C
1165 822 1380 893 erigatur

421 902 589 976 Stylus
612 898 1033 974 perpendicularis
1064 898 1148 970 ipsi
1182 900 1286 955 CD
1323 917 1378 952 ae-

422 981 578 1054 qualis
605 1000 619 1037 5
648 980 723 1034 vel
749 978 813 1034 ad
841 979 933 1032 ΑΕ
958 977 1175 1031 firmetur
1198 977 1379 1031 lamina

420 1059 730 1132 triangularis
757 1058 904 1114 ADE
922 1096 935 1113 ,
964 1074 1072 1128 quae
1098 1055 1151 1108 lit
1175 1057 1239 1109 ad
1274 1058 1377 1110 Pla-

419 1157 539 1193 num
565 1137 829 1210 Horologii
854 1134 1294 1209 perpendicularis,

302 1237 438 1293 Dico
470 1237 619 1291 lineas
648 1236 725 1292 Al
747 1251 766 1291 1
789 1273 807 1298 ,
840 1234 998 1297 ΑΙΟ,
1039 1232 1120 1298 Ac>
1148 1236 1243 1287 &c.
1281 1230 1376 1287 effe

303 1318 479 1372 Lineas
515 1315 732 1367 horarias
768 1312 1178 1367 antemeridianas
1207 1335 1216 1364 :
1254 1311 1331 1367 Al
1356 1349 1373 1373 ,

303 1399 410 1458 Α2,
438 1396 516 1460 Α3
549 1397 645 1447 ἃς.
681 1391 1043 1463 pomeridianas
1074 1395 1124 1444 δε
1151 1389 1373 1443 omnium

301 1475 507 1528 istorum
539 1472 760 1525 indicum
793 1470 1019 1523 umbram
1039 1508 1053 1531 ,
1082 1470 1219 1522 horis
1247 1467 1374 1521 datis

299 1555 476 1607 Lineas
505 1550 721 1604 horarias
751 1550 1103 1603 convenientes
1134 1548 1376 1619 attingere

296 1631 500 1687 debere.

498 1710 1164 1764 DEMONsrRATIO.

375 1804 672 1877 Cogitemus
697 1803 996 1875 triangulum
1027 1802 1169 1855 ADE
1190 1798 1255 1852 ita
1280 1794 1371 1850 eri·

294 1883 343 1956 gi
381 1880 524 1955 super
565 1884 716 1936 Linea
755 1880 1034 1936 Meridiana
1061 1880 1152 1932 ΑΕ
1178 1915 1194 1940 ,
1241 1890 1292 1929 ut
1318 1873 1373 1926 fit

289 1960 358 2017 ad
388 1963 590 2015 Planum
611 1960 880 2033 Horologii
908 1955 1247 2012 Horizontalis
1266 1970 1372 2026 per-

288 2039 645 2113 pendiculare‚
676 2044 724 2094 δε
764 2040 810 2092 in
864 2038 1022 2090 Plano
1057 2037 1194 2103 juxta
1221 2049 1374 2103 angu-
1425 2044 1435 2123 ἶ

287 2120 390 2173 lum
417 2118 563 2172 ΒΕΑ
589 2118 822 2172 inclinato
847 2114 1144 2188 descriptum
1165 2111 1260 2168 effe
1286 2113 1372 2165 cir-

290 2197 459 2252 culum
492 2197 904 2270 AEquinostialem
931 2195 978 2248 in
1007 2208 1079 2255 24
1117 2193 1266 2246 horas
1295 2188 1372 2244 seu

293 2293 436 2331 arcus
463 2277 672 2347 aequales
700 2272 904 2329 divisum
927 2297 938 2326 :
971 2273 1063 2327 erit
1089 2271 1190 2326 AD
1215 2271 1374 2324 Index

294 2354 566 2427 Horologii
587 2352 958 2426 AEquinociialis
986 2349 1376 2422 (§.30).Q10d-

296 2434 330 2488 fi
384 2434 546 2487 Lineae
590 2432 858 2504 Horologii
905 2431 1122 2499 ejusdem
1151 2429 1378 2483 -horariae

296 2510 677 2586 producantur,
707 2513 871 2566 donec
910 2524 1173 2564 occurrant
1215 2510 1377 2561 Lineae

298 2592 648 2664 contingentiae
696 2594 806 2644 GH
854 2590 991 2644 Plani
1040 2588 1378 2641 Horizontalis

298 2673 468 2742 PQ&
495 2669 869 2741 AEquinostialis
895 2670 988 2723 GI:
1012 2683 1149 2739 patet
1173 2668 1376 2728 Κῆρες,

299 2767 364 2803 ex
390 2749 436 2802 A
464 2766 550 2821 per
580 2751 760 2816 puncia
803 2745 1195 2802 iirtersectioritim
1216 2747 1379 2798 Lineae

299 2828 654 2898 contingentiae
689 2828 792 2879 GH
825 2824 996 2880 d'ucftas
1026 2863 1042 2888 ,
1083 2823 1176 2878 effe
1207 2824 1381 2879 Lineas

1288 2906 1382 2957 Po-

300 3002 476 3038 namus
511 2984 608 3052 jam
636 2988 845 3038 Planum
885 2983 1254 3055 AEquinooiiale
1296 2983 1382 3034 (ΣΙ

300 3063 520 3126 dimitti,
566 3062 730 3116 donec
773 3062 1021 3116 coincidat
1065 3080 1180 3116 cum
1227 3063 1382 3114 Plano

115 3178 228 3227 Tab.
251 3142 618 3224 LHorizontali
647 3144 784 3210 DQ,
810 3159 914 3195 tum
938 3144 1042 3196 ΕΙ)
1069 3141 1213 3194 cadet
1239 3140 1284 3193 in
1308 3143 1385 3194 ΕΒ

118 3248 214 3309 fig.
248 3261 291 3305 5.

308 3226 358 3277 δε
399 3220 649 3297 quadrans
676 3238 800 3275 unus
826 3220 994 3276 circuli
1014 3219 1385 3293 AEquinoCtialis

692 141 2194 230 ELEMENTA·GNoMoN10AE-

1453 342 1456 343 ⁷
1498 273 1643 327 cadet
1668 275 1714 327 in
1750 275 1874 327 ELF
1893 311 1907 333 2
1936 275 2201 346 Lineaeque
2236 274 2439 329 horariae
2463 279 2568 330 Ho-

1497 353 1679 425 rologii
1718 354 2087 425 AEquinodtialis
2133 355 2383 426 produdiae
2407 353 2569 409 adhuc

1496 428 1731 485 secabunt
1745 432 1945 486 Lincam
1970 432 2316 504 contingentiae
2330 433 2377 486 in
2405 429 2569 486 iisdem

1497 511 1685 581 punctis
1710 511 1732 582 (
1762 518 1809 573 §.
1850 524 1955 578 179
1992 507 2160 563 Ceam.
2193 512 2232 578 ).
2276 513 2418 564 Patet
2444 528 2567 581 ergo

1494 591 1676 660 puncta
1703 585 2099 641 intersestionum
2125 590 2171 641 in
2197 589 2348 644 Linea
2375 588 2568 641 contin-
2632 628 2634 638 t

1494 667 1672 738 gentiae
1708 667 1881 720 habt-ri
1909 705 1923 728 ‚
1952 665 1982 718 {i
2022 665 2108 720 fiat
2146 670 2227 721 ΕΒ
2265 667 2346 739 ipli
2375 669 2467 721 ΕΟ
2494 663 2571 720 seu

1496 744 1639 799 radio
1668 746 1833 800 circuli
1859 744 2231 816 AEqziinoc‘tialis
2256 747 2452 818 aequalis
2473 784 2487 806 ,
2520 749 2570 800 δε

1496 823 1595 877 hoc
1621 825 1762 877 radio
1787 821 2031 894 descripto
2058 823 2332 895 quadrante
2363 823 2485 878 ELF
2505 837 2569 875 at-

1494 919 1593 972 que
1617 904 1663 955 in
1688 910 1719 958 6
1747 919 1909 974 partes
1935 903 2147 974 aequales
2167 899 2355 964 diviso,
2372 921 2456 975 per
2482 899 2568 954 fin-

1493 983 1612 1051 gula
1639 981 1935 1034 divisionum
1959 983 2136 1053 puncta
2155 1000 2217 1033 ex
2248 997 2419 1033 centro
2447 982 2487 1032 B
2521 999 2567 1032 a·

1494 1075 1674 1130 gantur
1696 1062 1833 1113 reciae
1853 1060 2010 1112 Liucae
2028 1060 2373 1130 contfngentiae
2392 1060 2440 1112 in
2463 1060 2563 1122 a2b.

1491 1158 1532 1201 c,
1552 1140 1589 1190 d
1608 1142 1658 1192 ὃς
1683 1142 1731 1191 H
1759 1152 2090 1192 occurreres·
2135 1136 2197 1204 Q.
2225 1158 2264 1191 e.
2281 1139 2329 1191 d.

1773 1239 2198 1291 ScHoLiou
2263 1239 2303 1292 Ι.

1565 1347 1636 1386 37.
1663 1331 1836 1396 Qodsi
1857 1334 2122 1395 triangulum
2139 1334 2281 1380 ADE
2296 1334 2341 1379 in
2364 1332 2449 1394 ipso
2467 1332 2624 1386 Pla-T:

1488 1415 1541 1444 no
1566 1401 1792 1461 Horologic'
1812 1401 2026 1447 delineare
2048 1401 2256 1452 noluero,
2267 1399 2438 1459 seorsim
2459 1400 2566 1458 confi
2581 1409 2625 1454 Η

1487 1469 1582 1512 trni
1597 1467 1749 1528 potest.
1823 1469 1926 1514 Fc‘at
1948 1481 2093 1531 nempe
2118 1467 2383 1527 triangulum
2413 1469 2458 1514 A
2471 1469 2566 1514 DE

1489 1536 1544 1578 ad
1567 1537 1615 1580 D
1639 1534 1954 1595 reflangulum,
1977 1537 2042 1580 ita
2070 1547 2119 1581 ut
2145 1535 2324 1596 angulus
2350 1535 2390 1581 E
2402 1532 2459 1594 fic
2479 1534 2562 1581 ele-

1488 1603 1659 1647 vationi
1682 1603 1936 1664 AEqnatort'n
1969 1603 2136 1665 aequalis
2174 1617 2185 1651 ;
2223 1603 2310 1647 erit
2335 1604 2382 1648 A
2418 1601 2562 1647 eleva-

1489 1670 1601 1713 tioni
1623 1669 1716 1715 Pola·
1734 1668 1900 1730 aeqnalv's
1921 1671 1932 1722 (
1954 1670 1996 1724 §.
2024 1684 2110 1720 241
2145 1670 2316 1714 Geom.
2350 1673 2394 1713 &
2417 1671 2472 1722 Ι.
2500 1682 2560 1727 97

1488 1733 1601 1779 Astr.
1626 1733 1656 1791 ).
1730 1738 1792 1782 Et
1812 1767 1825 1786 ,
1875 1734 1911 1794 si
1946 1735 2232 1797 Horologium
2265 1736 2563 1785 Horizontale

1489 1799 1721 1859 describere
1744 1803 2233 1864 voluerahypothenusa
2248 1803 2455 1863 trianguli
2477 1803 2565 1849 ΑΕ

1488 1868 1786 1929 transferatur
1817 1870 1863 1915 in
1890 1872 2072 1915 Lineam
2109 1871 2414 1916 Meridianam
2433 1869 2566 1917 Plani

1493 1936 1806 1986 Horizoncalis
1834 1951 1888 1981 ex
1907 1939 1952 1983 A
1971 1939 2015 1982 in
2044 1938 2084 1983 E
2106 1968 2120 1988 ,
2157 1940 2213 1984 &
2242 1938 2388 1982 radius
2417 1937 2567 1984 circuli
2582 1955 2629 2004 H

1492 2003 1825 2066 AEqninoflialis
1853 2003 1953 2051 ED
1972 2007 2015 2050 in
2045 2005 2219 2051 eandem
2240 2006 2422 2052 Lineam
2455 2019 2510 2052 ex
2532 2006 2571 2053 E
2626 2008 2629 2016 '

1492 2074 1537 2118 in
1576 2075 1626 2117 B.
2151 2075 2154 2079 '

1644 2158 2324 2212 COROLLARIUM
2378 2157 2418 2210 Ι.

1568 2257 1640 2306 38.
1678 2249 1857 2312 Quodsi
1893 2248 2028 2313 super
2062 2249 2358 2297 extremitate
2384 2252 2446 2296 IK
2475 2246 2633 2296 Ho-Ta

1496 2318 1669 2381 rologii
1717 2318 2034 2364 Horizontalis
2065 2319 2264 2378 erigatur
2297 2316 2353 2362 ad
2377 2317 2569 2378 angulos
2583 2314 2634 2374 Fe}

1496 2386 1647 2434 rectos
1669 2387 1856 2430 Planum
1878 2383 2111 2429 Verticale
2139 2385 2266 2429 IKN
2281 2387 2328 2430 M
2362 2389 2403 2430 &
2426 2382 2572 2429 Index

1496 2454 1705 2500 horarius
1725 2454 1800 2497 AL
1818 2449 2143 2497 Horizontalis
2162 2450 2415 2512 Horologii
2433 2452 2572 2497 IKOP

1497 2518 1783 2584 producatur
1806 2551 1821 2570 ,
1871 2516 2024 2563 donec
2063 2519 2205 2564 Plano
2260 2517 2480 2564 Verticali
2526 2520 2572 2564 in

1497 2591 1529 2634 L
1549 2599 1781 2637 occurrat,
1804 2583 1993 2631 tandem
2029 2600 2085 2630 ex.
2118 2586 2150 2630 L
2168 2581 2227 2629 ad
2254 2584 2439 2631 Lineam
2459 2599 2572 2630 con·

1497 2653 1732 2715 tingentiae
1754 2656 1814 2697 IK
1837 2650 2064 2698 ducantur
2093 2651 2225 2698 τεᾶς-ε
2244 2667 2256 2702 ;
2278 2650 2356 2697 ubi
2376 2649 2402 2698 a
2422 2652 2572 2698 Lineis

1500 2720 1693 2767 horariis
1730 2718 1984 2779 Horologii
2011 2719 2328 2765 Horizontalis
2364 2716 2568 2764 secatur:

1501 2799 1634 2835 erunt
1678 2785 1848 2832 eaedem
1891 2787 2039 2833 Lineae
2085 2784 2280 2831 horariae
2318 2783 2571 2845 Horologii

1502 2852 1817 2902 Meridionalis
1841 2854 1854 2905 (
1875 2855 1928 2906 5.
1947 2855 2037 2905 14)
2068 2857 2110 2898 &
2140 2853 2215 2898 AL
2246 2851 2394 2899 Index
2417 2846 2571 2898 utrius-

1502 2937 1593 2983 que
1623 2917 1875 2981 Horologii
1903 2919 2180 2967 communis,

1725 3009 1759 3061 S
1786 3024 1817 3060 c
1847 3023 1882 3059 H
1910 3027 1943 3059 o
1972 3023 2004 3061 L
2035 3024 2052 3060 1
2085 3027 2116 3059 o
2145 3021 2184 3059 N
2259 3008 2338 3063 ΙΙ.

1575 3122 1648 3167 39.
1689 3109 1786 3152 Hac
1833 3109 2003 3152 ratione
2051 3105 2178 3166 vulgo
2225 3104 2410 3159 construi
2440 3101 2576 3162 fhlenr

1507 3174 1742 3233 Horologia
1773 3174 1941 3220 Solaria
1975 3173 2230 3236 portatilia,
2259 3187 2344 3234 quae
2366 3173 2452 3233 ‘ope
2479 3181 2575 3215 acuo

1505 3243 1749 3304 magnerice
1783 3247 1822 3288 C
1855 3243 1908 3287 acl
1931 3241 2080 3303 plagae
2116 3242 2276 3287 Mundi
2303 3241 2541 3300 diriguntur

2502 3265 2578 3358 fill
