2641 3687
296 149 408 209 3192

409 262 484 319 nis
509 262 738 319 maximae
763 259 893 318 Solis
918 279 1019 315 non
1050 261 1262 327 majores
1289 258 1378 313 de-

411 344 770 398 terminabunt.
814 340 1025 395 Numeri
1051 340 1178 392 adeo
1212 344 1378 390 eieva-

411 423 600 476 tionem
633 421 739 475 Poli
766 420 1042 473 indicantes
1072 418 1138 470 ab
1164 433 1378 488 utroque

414 501 571 556 latere
596 498 826 573 Signiferi
856 495 1182 551 adscribendi.

293 617 347 667 6.
376 607 644 678 Quadrans
670 606 794 661 ICK
819 603 1132 675 compleatur
1153 601 1201 653 in
1228 598 1380 651 circu·

412 691 546 749 lum,
574 690 625 740 δε
649 684 754 751 ejus
783 681 1056 756 peripheria
1084 681 1131 732 in
1161 692 1233 739 24
1272 694 1379 747 par-

417 781 492 821 tes
531 763 744 836 aequales
778 761 1026 815 dividatur
1051 797 1069 822 ,
1116 761 1167 811 δε
1209 754 1381 826 regula

324 897 327 904 .
420 844 483 899 ad
518 844 696 915 puncta
729 838 1024 893 divisionum
1063 834 1092 888 a
1129 834 1381 887 diametro

419 924 525 978 CD
585 919 839 992 aequaliter
889 930 1081 969 remora
1137 910 1381 984 applicata

420 1001 669 1056 ducantur
694 999 832 1051 redtae
869 1010 969 1057 11,
1002 1005 1104 1054 22,
1134 1005 1234 1058 33,
1263 1003 1338 1051 44
1364 1026 1381 1052 ,

421 1084 521 1136 ἃς.
570 1092 717 1131 erunt
760 1074 852 1128 illae
908 1074 1068 1126 Lineae
1123 1068 1329 1122 horariae
1362 1105 1380 1131 ,

415 1157 716 1227 numerique
760 1151 1029 1224 superiores
1063 1149 1211 1201 horas
1246 1161 1381 1200 ante-

416 1234 709 1292 meridianas
740 1271 756 1295 2
818 1229 1073 1283 inferiores
1115 1244 1239 1280 vero
1285 1244 1379 1299 po-

416 1314 713 1369 meridianas
745 1308 1054 1363 indicabunt.

297 1442 356 1498 7.
384 1421 610 1481 Assumta
648 1427 726 1481 ID
770 1442 860 1497 pro
888 1418 1236 1495 AEquinoffiali
1263 1459 1280 1485 ‚
1320 1436 1383 1472 ex

421 1505 473 1559 D
517 1505 565 1558 in
601 1507 659 1558 M
692 1508 742 1558 &
781 1506 834 1557 Ν
877 1499 1230 1556 transferantur
1257 1498 1384 1552 divi-

421 1581 577 1637 fiones
633 1581 864 1655 Signiferi
921 1578 1271 1652 respondentes
1333 1577 1384 1630 in

421 1662 774 1718 Analemmate
819 1661 926 1716 EIF
972 1658 1215 1714 latitudini
1267 1665 1383 1724 45⁰.

306 1788 362 1840 8.
388 1774 472 1833 Ad
528 1778 655 1832 latus
715 1780 808 1834 EF
864 1788 1098 1848 aptentur
1168 1771 1397 1842 Dioptrae

386 1857 733 1929 ⁴‚tandemque
788 1856 837 1909 in
887 1855 934 1908 A
992 1852 1215 1906 firmetur
1276 1850 1387 1902 bra-

422 1934 644 1990 chiolum
688 1934 887 2004 PQRS
927 1950 989 1986 ex
1025 1929 1243 1984 articulis
1282 1946 1389 1981 mo-

426 2013 609 2067 bilibus
645 2011 973 2085 compofitum
1013 2015 1064 2064 δε
1096 2009 1202 2076 ejus
1232 2023 1388 2061 extre·

423 2110 513 2146 mo
556 2093 590 2145 S
637 2091 865 2164 alligetur
911 2086 1051 2142 filum
1088 2087 1295 2142 Unione
1338 2089 1387 2142 V

427 2169 714 2226 instructum
750 2188 864 2225 cum
890 2166 1210 2244 vpondusculo
1243 2169 1308 2220 T.

312 2296 514 2368 Quodfi
544 2313 820 2354 extremum
855 2299 890 2352 S
929 2288 1173 2352 brachioli
1217 2294 1395 2364 SRQ)

314 2379 383 2434 ad
435 2377 730 2432 parallelum
788 2374 1084 2432 Latitudinis
1123 2414 1140 2439 ,
1215 2392 1259 2428 e.
1315 2391 1393 2446 gr.

321 2465 448 2528 54⁰,
487 2460 538 2511 &
573 2456 775 2528 quidem
814 2453 879 2510 ad
913 2457 1180 2527 pundwm,
1219 2453 1305 2506 ubi
1331 2448 1397 2505 se-

314 2553 458 2592 catur
484 2533 511 2588 a
547 2535 674 2589 linea
708 2536 878 2608 Signi,
916 2535 964 2587 in
1004 2550 1109 2605 quo
1143 2532 1233 2586 Sol
1266 2549 1399 2585 com-

317 2631 571 2677 moratur,
616 2612 939 2676 adducaS,&
977 2611 1114 2666 filum
1153 2611 1308 2685 usque
1336 2608 1402 2664 ad

317 2692 456 2761 idem
487 2693 726 2769 ,punctum
744 2690 970 2768 Signiferi
989 2694 1103 2751 MN
1127 2688 1401 2755 extendaS,

688 128 1300 188 ELEMENTA
1392 122 2145 185 GNOMONICAE.

1507 272 1663 328 atque
1712 252 1974 310 Unionem
1998 271 2063 307 eo
2098 248 2253 325 usque
2282 252 2578 327 protrudas3

1508 335 1813 406 tandemque
1842 332 2222 386 Instrumentum
2261 334 2364 387 Soli
2398 333 2466 385 ita
2495 334 2581 387 ob·

1507 427 1671 465 vertas
1695 450 1709 474 ,
1753 429 1805 464 ut
1844 409 2006 463 radius
2055 409 2249 463 luminis
2288 428 2376 481 per
2417 409 2581 464 utrius-

1507 508 1606 561 que
1632 490 1856 562 D-ioptrae
1882 491 1924 539 X
1952 493 2001 542 &
2030 490 2068 540 Ζ
2097 486 2317 541 foramen
2346 486 2578 546 transeam

1507 567 1652 622 Unio
1698 586 1762 621 ex
1803 565 1891 619 filo
1950 567 2105 618 libere
2138 565 2355 638 pendula
2387 567 2585 622 Lineam

1508 645 1756 700 horariam
1802 644 2053 718 quaefitam
2098 646 2325 716 attinget.

1588 771 1782 843 Quodfi
1824 773 2207 827 instrumentum
2253 771 2300 825 in
2349 772 2446 826 hoc
2496 771 2581 828 fitu

1506 857 1869 909 constituatur,
1921 867 1971 902 ut
2014 850 2154 904 filum
2200 869 2314 903 cum
2354 848 2578 923 pondere

1507 928 1633 993 secet
1671 931 1773 982 GH
1811 930 1874 982 ad
1912 930 2121 999 angulos
2157 931 2319 982 redtos
2350 948 2364 986 ς
2409 929 2581 985 horam

1508 1025 1645 1078 ortus
1688 1011 1739 1061 ὃς
1789 1006 1988 1063 occasus
2026 1007 2280 1063 indicabit.

1769 1146 2230 1220 ScHoLroN
2294 1148 2334 1200 I.

1579 1289 1684 1336 173.
1721 1273 1894 1338 Qodsi
1936 1276 2082 1320 eadem
2123 1271 2292 1322 Tabula
2332 1277 2386 1322 ad
2431 1275 2580 1323 altitu-

1507 1344 1626 1390 dines
1670 1342 1774 1388 Solis
1818 1341 2098 1398 observandas
2143 1344 2212 1388 uti
2254 1342 2440 1389 volueris
2468 1376 2484 1396 ‚
2528 1359 2583 1391 ex·

1506 1421 1651 1456 centro
1689 1423 1716 1454 a
1736 1406 1999 1465 describatur
2033 1412 2250 1472 quadrans
2289 1410 2500 1462 occultus,
2528 1413 2583 1459 (θ’

1499 1491 1578 1540 per
1615 1476 1705 1536 ejus
1733 1478 1894 1537 gradus
1926 1491 1981 1521 ex
2016 1489 2162 1523 centro
2196 1479 2340 1524 eodem
2375 1480 2585 1524 ducantur

1503 1543 1622 1591 reita
1651 1545 1680 1588 b
1703 1558 1730 1589 e
1758 1545 1804 1589 in
1827 1555 1979 1605 partes
2002 1542 2207 1601 secantes.
2276 1543 2449 1609 Qodfi
2475 1547 2586 1592 enim

1506 1624 1750 1658 extremum
1785 1610 1995 1656 brachioli
2037 1613 2276 1657 adducatur
2306 1615 2360 1656 ad
2384 1613 2586 1673 puniium

1504 1693 1531 1724 a
1552 1711 1567 1731 ,
1613 1679 1735 1724 radio
1769 1678 1878 1723 Solis
1917 1690 1997 1739 per
2033 1680 2248 1740 Dioptraes
2294 1678 2536 1736 transeunte
2567 1709 2584 1731 ,

1499 1743 1624 1805 filum
1662 1747 1707 1792 in
1745 1743 1883 1790 latere
1919 1745 1991 1789 bc
2020 1748 2204 1805 gradum
2239 1744 2489 1792 altitudinis
2518 1762 2585 1792 re-

1499 1811 1663 1872 secabit
1703 1814 1717 1866 (
1753 1813 1807 1863 5.
1853 1825 1938 1867 109
1988 1812 2165 1858 Astron.
2212 1811 2247 1870 ).
2319 1814 2442 1860 Idem
2487 1829 2585 1860 cve-

1509 1883 1600 1928 niet
1621 1910 1635 1932 ,
1665 1877 1702 1938 fi
1737 1890 1817 1941 per
1850 1880 2064 1942 Dioptrat
2096 1880 2335 1927 collineatio
2372 1882 2417 1927 in
2448 1880 2588 1937 stellas

1509 1953 1580 1996 vel
1615 1950 1784 1994 Lunam
1811 1940 1915 2003 fiat.

1758 2063 2208 2118 ScHoLION
2273 2053 2347 2120 II.

1585 2208 1695 2255 174.
1732 2194 1943 2242 Similiter
1972 2191 2011 2253 fi
2045 2209 2101 2240 ex
2141 2206 2284 2241 centro
2317 2193 2348 2240 b
2378 2205 2459 2258 per
2488 2207 2590 2257 gra-

1515 2265 1593 2311 dus
1639 2264 1895 2326 quadrantis
1931 2275 1987 2308 ex
2039 2276 2086 2307 eo
2133 2262 2332 2324 descripti
2380 2265 2591 2309 ducantur

1517 2330 1637 2378 ret‘tae
1672 2331 1726 2375 ad
1758 2328 1900 2375 latera
1933 2325 2003 2373 ef
2034 2330 2089 2376 &⁴
2119 2325 2144 2373 f
2155 2343 2214 2384 c;
2249 2330 2500 2376 altitudines
2527 2345 2593 2376 re-

1518 2413 1615 2445 rum
1647 2396 1912 2451 terrestrium
1944 2396 2088 2442 eodem
2124 2396 2402 2451 instrumento
2449 2399 2596 2446 metiri

1520 2463 1706 2518 licebit,
1742 2467 1862 2528 apice
1904 2464 2106 2510 nimirum
2145 2464 2314 2512 brachii
2356 2466 2411 2510 ad
2451 2462 2480 2510 b
2521 2466 2596 2510 ad-

1523 2533 1672 2584 datto,
1707 2534 1762 2581 &
1792 2531 1909 2582 oculo
1933 2545 2014 2596 per
2046 2532 2240 2594 dioptras
2273 2534 2313 2578 X
2346 2533 2402 2582 Θ
2435 2531 2469 2581 Ζ
2492 2533 2602 2581 colli-

1524 2610 1694 2652 neante-

2299 3271 2602 3345 CAPUT—
