2641 3687
280 180 389 237 298

281 313 335 362 4.
361 290 554 366 Quodsi
589 307 738 347 arena
777 289 922 345 rimas
959 284 1061 359 agit
1081 324 1096 348 ,
1124 282 1266 340 fumo
1294 278 1365 336 as-

393 371 638 427 cendente
664 409 678 435 ᾗ
722 370 855 423 rimae
900 366 1219 420 obducantur
1245 402 1263 429 ,
1302 380 1367 417 ne

403 449 581 523 vapori
606 450 766 505 exitus
788 444 1110 501 concedatur.

285 531 421 590 Calx
443 530 546 583 haec
570 547 658 598 per
689 526 874 582 multos
912 539 1066 580 annos
1126 517 1368 576 asservata

285 611 431 666 instar
457 607 726 663 lithocollae
750 603 863 660 erit.

1010 828 1607 898 CAPUT

634 151 1082 217 ELEMENTA
1123 143 1805 212 ARCHITECTURAE
1846 142 2182 203 CIVILIS.

1785 275 2267 332 ScfloLroN.

1556 406 1818 464 73.sCalci5
1857 402 2105 466 posterioris
2147 402 2321 467 insignis
2360 399 2418 457 est
2453 399 2575 460 usus,

1485 473 1521 535 fi
1553 476 1599 521 in
1633 473 1813 522 tec'torio
1853 475 2042 536 quadam
2073 474 2286 534 pingenda
2306 502 2325 526 ,
2371 472 2575 535 quoniam

1490 540 1701 593 coloribus
1724 541 1900 589 minime
1936 542 2125 588 nocivus.
2198 536 2206 544 '

1766 806 1942 892 111(

465 991 574 1061 De
611 983 820 1056 variis
859 978 1230 1053 Falcroram
1245 973 1572 1077 generibus
1612 969 1689 1059 Εἴ
1731 974 2008 1075 quinque
2045 970 2413 1047 Ordinibus.

537 1145 988 1198 DEFINITIO
1031 1137 1092 1189 X.

295 1267 388 1323 74.
522 1246 725 1299 Ulcrnm
748 1241 961 1302 dicitur,
1007 1235 1248 1311 quicquid
1277 1253 1384 1308 par-

529 1340 632 1379 tem
671 1321 889 1394 aliquam
937 1316 1150 1372 AEdificii
1211 1315 1380 1370 funda·

297 1423 470 1464 mento
505 1403 585 1457 vel
612 1401 748 1456 omni
772 1438 788 1463 ‚
821 1398 904 1453 vel
942 1393 1054 1453 satis
1091 1394 1238 1451 firmo
1278 1390 1386 1451 des..

299 1489 500 1543 titutam
528 1480 787 1542 sustentat,
830 1495 893 1532 ne
921 1490 1140 1530 corruat.

519 1581 1026 1639 DEFINITIO
1081 1574 1181 1627 XI.

385 1696 481 1752 75.
523 1680 753 1733 Columna
804 1673 872 1726 est
927 1671 1160 1725 Pulcrum
1221 1682 1393 1722 rotun-

307 1760 450 1816 dum.
496 1757 691 1813 Dicitur
698 1758 953 1828 parietina
973 1790 987 1813 ,
1016 1750 1046 1804 fi
1072 1764 1264 1803 tantum
1292 1747 1396 1815 ejus

307 1841 475 1913 aliqua
506 1853 617 1909 pars
641 1849 780 1888 extra
808 1848 1004 1886 murum
1030 1829 1297 1902 prominet.

606 1943 1102 1996 SCHOLION.

372 2050 453 2099 76.
487 2042 788 2090 Columnarum
809 2039 927 2097 origo
946 2039 1123 2084 debetur
1143 2032 1392 2086 arboribus,

306 2110 460 2178 quibus
482 2143 495 2162 ,
544 2106 813 2167 antiquisfirni
842 2105 1000 2167 Populi
1043 2106 1208 2151 artium
1259 2103 1398 2149 adhuc

307 2183 434 2228 rudes
455 2180 508 2224 ad
522 2176 742 2237 fulcienda
759 2172 871 2219 tetta
894 2176 1139 2219 utebantur.
1161 2173 1398 2232 Cingeban-

307 2261 382 2296 tur
408 2258 553 2292 autem
581 2241 747 2289 annulis
770 2238 928 2302 ferreis
958 2256 1052 2286 cum
1074 2240 1278 2300 superne,
1306 2250 1400 2284 tum

309 2312 480 2372 inferne
502 2343 516 2363 ,
547 2328 597 2358 ne
625 2306 678 2356 ab
707 2306 900 2369 impofito
932 2323 1058 2353 onere
1092 2304 1397 2364 finderentur:

308 2398 434 2447 quem
453 2382 585 2425 etiam
603 2380 645 2423 in
662 2372 787 2430 finem
804 2372 909 2433 affier
929 2376 1168 2436 quadratus
1191 2372 1401 2435 superim-

309 2445 564 2513 ponebatur.
602 2446 680 2491 Ne
715 2454 859 2488 autem
891 2457 946 2487 ex
974 2443 1143 2489 humore
1168 2452 1294 2487 terrae
1322 2452 1403 2501 pu-

312 2516 567 2574 trescerent,
600 2513 709 2574 lapis
750 2509 1110 2574 quadrangularis
1147 2508 1403 2572 supponeba-

316 2596 407 2632 tur.

540 2649 984 2701 DEFINITIO
1042 2642 1169 2696 XII.

401 2756 497 2813 77.
544 2740 657 2795 Pila
691 2741 759 2795 est
811 2737 1039 2793 Fulcrum
1088 2734 1410 2810 quadrangu.

324 2824 445 2879 lum.
490 2821 692 2874 Dicitur
707 2824 960 2892 parietina
983 2857 997 2881 ‚
1030 2815 1062 2870 fi
1092 2831 1284 2871 tanturn
1304 2819 1409 2885 ejus

325 2903 489 2973 aliqua
515 2917 620 2969 pars
639 2915 782 2953 extra
808 2915 1003 2951 murum
1022 2896 1410 2969 prominet.Pila

326 2981 569 3056 parietina
595 2995 696 3031 uno
729 2977 930 3033 nomine
959 2990 1170 3029 vocatur
1196 2973 1355 3030 Anta.

540 3070 984 3122 DEFINITIO
1036 3066 1205 3120 XIII.

350 3237 363 3250 .
403 3169 502 3230 78.
544 3158 807 3234 Parastata
847 3159 915 3216 est
944 3157 1080 3215 Anta
1123 3172 1296 3215 arcum
1319 3150 1412 3211 sus-

326 3253 504 3298 truens·

1733 1127 2147 1182 DfirrNrrro
2208 1129 2375 1182 XIV.

1588 1270 1683 1325 79.
1720 1255 1885 1326 Poſses
1920 1252 2027 1310 sunt
2056 1256 2229 1309 Pulcra
2254 1294 2270 1318 ‚
2311 1273 2420 1329 quae
2450 1275 2599 1332 apen,

1509 1353 1728 1392 turarum
1752 1331 2132 1407 superliminaria
2158 1331 2402 1392 sustinent.

1723 1438 2184 1491 DEFINITIO
2258 1438 2385 1491 XV.

1596 1545 1687 1594 80.
1729 1535 1989 1588 Columella
2023 1530 2129 1586 sunt
2162 1531 2336 1588 Pulcra
2375 1533 2592 1591 rotunda

1514 1613 1706 1669 minora
1733 1613 1963 1666 Pluteurn
1999 1609 2342 1666 sustentantes.

1737 1717 2145 1769 DfirlNrrlo
2228 1715 2385 1769 XVI.

1600 1805 1688 1853 81.
1736 1794 1974 1848 Atlantes
2008 1791 2113 1847 sunt
2155 1795 2339 1847 Statuae
2370 1789 2597 1848 masculae

1519 1874 1889 1929 Columnarum
1930 1874 2061 1927 vices
2087 1872 2356 1926 obeunte&

1712 1953 1811 2007 DE
1839 1968 1905 2004 ΡΙ
1935 1967 2152 2005 Νιτιο
2218 1952 2411 2005 XVII.

1604 2042 1693 2090 82.
1720 2030 2005 2104 Caryatides
2024 2025 2133 2082 sunt
2150 2030 2334 2083 Statuae
2354 2026 2601 2084 foemineae

1521 2110 1890 2166 Columnarum
1919 2110 2050 2163 vices
2079 2107 2346 2162 obeunteS.

1839 2189 2294 2242 SCHOLION.

1595 2271 1618 2314 8
1631 2280 1670 2325 3.
1691 2268 1922 2314 Rationem
1940 2267 2301 2314 denominationis
2319 2267 2605 2313 Veruvrus

1522 2330 1609 2392 (R)
1647 2336 1805 2383 reddit.
1858 2337 2059 2396 „Carya
2089 2332 2256 2390 scilicet
2289 2335 2457 2379 Civitas
2482 2332 2609 2377 Pelo·

1525 2429 1556 2454 ,‚
1571 2401 1762 2462 ponnefi
1780 2414 1907 2463 capta
1928 2400 2064 2448 Perfis
2087 2399 2275 2455 hostibus
2303 2412 2453 2446 contra
2481 2399 2607 2444 Grae-

1525 2467 1689 2520 „ciam
1725 2468 1954 2528 consensit:
1989 2467 2131 2530 postea
2171 2466 2324 2514 Graeci
2355 2480 2436 2529 per
2472 2463 2607 2513 vitto-

1529 2565 1561 2589 „
1579 2538 1687 2581 riam
1712 2536 1891 2596 gloriose
1911 2536 2016 2583 bello
2037 2534 2217 2581 liberati
2245 2535 2455 2581 communi
2480 2529 2606 2590 confi-

1529 2603 1629 2654 „lio
1662 2604 1947 2663 Caryatibus
1973 2602 2123 2650 bellum
2150 2603 2418 2648 indixerunt.
2455 2605 2609 2663 Itaque

1444 2714 1446 2716 .
1529 2671 1725 2732 „oppido
1756 2683 1899 2732 capto,
1917 2673 2031 2718 viris
2051 2668 2315 2729 interfet‘lis,
2337 2671 2521 2715 civitate
2543 2668 2608 2712 de-

1533 2737 1690 2793 ‚‚leta‚
1719 2750 1938 2787 matronas
1971 2753 2117 2784 eorum
2138 2739 2183 2784 in
2195 2736 2458 2796 servitutem
2489 2735 2611 2780 abdu-

1532 2815 1736 2857 „xerunt
1739 2837 1887 2854 .....
1954 2809 2057 2853 Ideo
2080 2837 2094 2857 ‚
2129 2806 2205 2867 qui
2233 2816 2336 2851 tunc
2370 2796 2609 2849 Architeffl

1532 2902 1562 2925 υ
1571 2871 1787 2933 fuerunt,
1839 2871 2028 2931 aedificiis
2059 2870 2246 2935 publicis
2288 2868 2610 2930 designaverunt

1532 2955 1727 2992 „earum
1751 2941 1960 3003 imagines
1997 2942 2116 2988 oneri
2137 2937 2320 2999 ferendo
2359 2937 2606 2984 collocatas,

1533 3037 1563 3060 2,
1583 3018 1633 3052 ut
1661 3008 1795 3052 etiam
1820 3008 1998 3070 posteri&
2032 3019 2134 3053 nota
2167 3018 2287 3068 poena
2327 3005 2498 3069 peccati
2526 3001 2608 3047 Ca·

1533 3104 1565 3129 2,
1582 3071 1783 3135 ryatium
1798 3078 2005 3125 memoria
2019 3076 2289 3123 traderetur.

1632 3271 1705 3324 (k)
1746 3269 1833 3315 Lib.
1853 3273 1931 3314 Le.
1948 3285 1978 3313 1·
1995 3266 2088 3314 fim-
2106 3275 2145 3317 3.
