2641 3687
211 149 484 223 Cap.VII.
554 151 657 204 DE
699 144 1060 202 CALEND.
1104 145 1480 217 JUDAIco
1524 153 1619 204 ET
1661 153 2105 217 MUHAMED,
2231 133 2371 231 147'

218 280 639 355 PROBLEMA
694 273 958 328 XXXVI.

144 405 170 456 3
188 401 208 455 5
223 401 269 452 3.
299 387 540 440 ‘Invenire
564 381 755 437 Feriam
781 377 1124 446 Hebdomada,

63 487 157 541 qua
188 464 360 518 Annus
391 463 583 536 IJegirae
604 463 746 514 datus
768 463 960 529 incipt‘t.

329 551 369 604 R
399 565 424 602 ε
456 566 476 602 s
509 567 543 603 o
573 563 602 599 L
629 561 663 598 U
695 561 727 595 T
751 559 767 597 1
793 558 848 596 ο.

64 642 109 684 1.
136 626 311 681 Annus
336 626 480 680 datus
505 623 749 678 dividatur
783 637 869 692 per
903 632 1042 682 210,
1070 622 1122 673 δε

169 721 401 758 numerus
435 703 643 758 residuus
676 698 843 753 denuo
869 697 1119 752 dividatur

56 873 104 918 2.
132 797 703 930 gtidttisOinultiplicctur
724 870 811 926 per
849 868 872 921 ς
915 856 966 907 &
997 867 1114 923 pro-

167 938 369 992 ductum
415 935 638 992 servetur.

53 1030 103 1082 3·
128 1018 379 1072 Numerus
405 1013 614 1069 refiduus
637 1010 744 1083 post
768 1009 973 1063 alteram
994 1009 1113 1064 divi-

166 1092 349 1148 fionem
377 1094 560 1146 unitate
582 1090 836 1144 muletetur
864 1093 912 1141 &
937 1089 984 1141 in
1011 1090 1113 1142 An-

165 1189 255 1225 nos
280 1171 621 1225 Embolimaeos
644 1183 794 1238 atque
820 1182 1112 1222 communes

166 1249 490 1320 distinguatur
513 1253 532 1313 (
554 1251 597 1306 §·
628 1262 654 1312 3
670 1261 737 1312 ςο
752 1244 793 1314 ).

49 1337 103 1386 4.
128 1325 378 1380 Numerus
414 1323 845 1382 Embolimaeorurn
870 1321 1108 1393 multipli-

167 1419 303 1458 cetur
336 1422 421 1476 per
460 1418 523 1471 ς,
558 1406 607 1456 δε
630 1401 862 1457 numerus
887 1419 1109 1456 commu-

168 1483 301 1534 nium
326 1500 412 1554 per
440 1498 493 1543 4.
558 1500 560 1503 ·

59 1573 104 1624 5.
124 1558 412 1630 Utrumque
425 1557 546 1631 prod
556 1559 714 1612 netum
727 1555 988 1626 adjiciatur
999 1575 1108 1630 pro-

163 1634 313 1690 (ἰυέὶο
337 1633 567 1708 superiori
598 1635 681 1706 (n.
703 1640 784 1701 2).

48 1718 97 1768 6.
126 1714 336 1767 Summae
360 1712 597 1769 addantur
621 1716 767 1769 Feriae
787 1724 820 1772 6
847 1719 897 1770 &
935 1731 1106 1787 aggre-

157 1806 327 1864 gatum
369 1791 615 1846 dividatur
642 1811 728 1866 per
764 1808 832 1863 7:
878 1794 962 1864 qui
993 1794 1105 1865 post

155 1868 441 1925 divifionem
486 1870 768 1945 relinquitur
819 1889 1048 1926 numerus
1087 1909 1103 1936 ,

155 1946 346 2000 Feriam
379 1946 572 2002 indicat.

66 2026 121 2085 ιΕ.
157 2038 223 2085 gr.
259 2027 420 2072 Annus
450 2028 627 2086 Hegirae
656 2024 840 2090 praesens
872 2027 932 2075 est
959 2044 1103 2077 1127:

42 2089 268 2152 reperitur
303 2106 414 2153 ergo
447 2093 570 2139 Feria
589 2125 605 2149 ‚
643 2108 734 2155 qua
770 2094 978 2157 incepit,
1014 2094 1105 2143 hoc

0 2182 1 2200 l
44 2158 208 2204 modo·

0 2343 60 2399 l*
175 2289 315 2400 ξιξ-7
385 2340 450 2399 (5
518 2292 584 2403 27
651 2340 718 2405 (2

204 2422 309 2451 zaeo
522 2426 583 2463 30
697 2423 718 2468 ς

653 2490 755 2571 ΤΟ

42 2587 587 2641 Num0Annor.Embol.6
634 2594 780 2641 Num.
806 2594 999 2641 Comm.
1037 2609 1095 2641 10

553 2670 579 2715 5
1065 2676 1097 2720 4

511 2738 612 2833 ’Ξῖ
992 2741 1094 2833 ’ΣΞ

528 2856 591 2900 40
726 2859 789 2890 «η

531 2920 590 2952 10
720 2918 796 2962 8ss
828 2912 920 2967 (η

521 2975 623 3064 ..e
721 2993 797 3034 ῃ

544 3090 604 3136 86
645 3088 658 3142 ἃ

30 3195 180 3315 {3133
201 3211 311 3261 ergo
329 3199 461 3253 Feria
478 3199 799 3259 Hebdomadis
818 3224 843 3255 2
856 3239 871 3265 ,
891 3208 967 3262 seu
998 3208 1089 3264 Die

1474 281 2123 342 DEMONSTRATIO,

1335 371 1590 441 Quoniam
1627 373 1819 442 Cyclus
1849 375 2107 432 Annorum
2134 385 2329 457 Hegirae

1254 446 1321 498 est
1353 462 1424 512 30
1448 449 1712 502 Annorum
1736 450 1756 520 (
1778 459 1821 513 §.
1849 466 1957 519 350
1986 456 2030 521 ),
2058 461 2203 514 Feriae
2244 482 2327 518 au-

1255 538 1353 577 tem
1389 527 1737 580 Hebdomadis
1772 543 1806 596 7
1848 529 1988 588 sunm
2032 535 2158 588 idem
2195 543 2325 594 ordo

1254 603 1477 675 principii
1501 608 1762 658 Annorum
1792 606 1839 658 in
1865 610 2034 664 orbem
2073 616 2196 669 redit
2222 620 2323 672 An-

1253 682 1326 733 nis
1357 694 1486 738 210.
1533 680 1729 754 Quodfi
1754 702 1876 755 ergo
1904 686 2106 741 Annum
2146 711 2325 766 propo.

1249 756 1391 811 fitum
1414 779 1501 831 per
1530 773 1642 817 210
1666 761 1885 825 dividas,
1913 780 2099 834 quotus
2125 769 2323 838 indicat,

1247 837 1447 906 quoties
1467 839 1553 891 ista
1575 838 1808 892 Periodus
1828 839 1972 895 fuerit
1991 842 2148 914 elapsa
2169 851 2218 900 ὅ(
2236 868 2318 904 nu.

1246 931 1409 969 merus
1436 915 1650 971 residuus
1675 918 1911 981 ostendit,
1940 938 2124 992 quotus
2143 925 2314 984 Annus

1244 993 1521 1064 propositus
1543 995 1599 1048 fit
1626 997 1674 1050 in
1704 1014 1833 1050 nova
1861 1001 2093 1053 periodo.
2151 1003 2200 1054 Si
2226 1023 2312 1058 nu.

1243 1088 1430 1126 merum
1456 1072 1697 1128 refiduum
1721 1092 1872 1146 porro
1899 1094 1984 1148 per
2013 1092 2085 1142 30
2101 1077 2311 1147 dividas,

1242 1166 1425 1220 quotus
1466 1153 1631 1223 prodit
1680 1154 2138 1209 triaconta'eterides
2175 1176 2311 1214 com-

1242 1229 1396 1298 pletas
1433 1231 1557 1283 ultra
1583 1231 1828 1285 Periodos
1865 1237 1913 1287 ὃς
1949 1252 2177 1288 numerus
2200 1236 2309 1291 reli.

1240 1305 1368 1359 duus
1391 1309 1568 1362 Annos
1587 1311 2030 1365 triacontaeteridis
2057 1316 2306 1371 currentis.

1238 1385 1349 1454 Jam
1383 1404 1492 1440 cum
1519 1387 1905 1443 triacontaeteris
1945 1392 2198 1446 contineat
2241 1409 2304 1459 19

1239 1463 1419 1517 Annos
1447 1484 1735 1521 communes
1766 1483 1874 1535 354
1899 1469 2129 1531 Dictum,
2157 1476 2206 1525 &
2240 1487 2301 1531 11

1237 1542 1411 1595 Annos
1464 1543 1816 1599 Embolimaeos
1879 1559 1980 1613 355
2043 1549 2248 1603 Dic-rum
2289 1590 2308 1615 ,

1237 1620 1469 1693 adeoque
1504 1623 1551 1676 in
1589 1623 1869 1679 universum
1909 1625 2030 1679 Dies
2075 1637 2246 1695 10631
2293 1650 2307 1686 3

1237 1699 1361 1753 intra
1387 1719 1495 1754 eam
1533 1703 1918 1774 complebuntur
1951 1704 2312 1761 Hebdomades

1244 1789 1388 1845 1518
1430 1784 1480 1834 δέ
1516 1796 1746 1852 praeterea
1786 1782 1907 1835 Dies
1948 1797 1994 1850 ς.
2065 1788 2237 1851 Quare
2278 1784 2311 1840 fi

1236 1874 1494 1911 numerum
1525 1860 2012 1913 triaconta'eteridum
2045 1865 2312 1934 completa-

1237 1952 1344 1988 rum
1370 1954 1454 2006 per
1478 1950 1500 2002 ς
1526 1937 1851 2009 multiplices3
1897 1939 2168 2010 prodibunt
2190 1944 2312 1997 Dies

1237 2014 1362 2066 ultra
1382 2011 1676 2086 septimanas
1705 2017 1753 2070 in
1791 2017 1886 2070 istis
1926 2019 2310 2075 triacontaeteri-

1235 2092 1380 2146 dibus
1408 2094 1659 2165 completi.
1723 2095 1914 2149 Eodem
1940 2095 2098 2150 modo
2131 2115 2264 2171 patet
2288 2139 2304 2162 ,

1236 2171 1474 2243 quoniam
1525 2173 1697 2225 Annus
1742 2176 2018 2227 communis
2065 2177 2190 2229 ultra
2237 2193 2304 2244 50

1234 2248 1597 2304 Hebdomades
1622 2252 1844 2306 continet
1872 2252 1993 2306 Dies
2021 2267 2051 2314 4
2072 2292 2087 2317 ,
2117 2256 2303 2309 Embo-

1235 2326 1420 2382 limaeus
1454 2346 1576 2382 vero
1618 2344 1640 2397 5
1671 2368 1687 2392 ,
1724 2329 1755 2382 fi
1788 2349 2047 2384 numerum
2082 2333 2304 2388 Emboli-

1234 2423 1471 2460 maeorum
1509 2408 1639 2462 ultra
1676 2408 2130 2464 triacontaeterides
2168 2430 2301 2466 com-

1231 2483 1476 2556 pletorum
1505 2504 1591 2557 per
1632 2501 1689 2555 5,
1713 2505 1976 2541 numerum
2005 2507 2126 2543 vero
2165 2508 2298 2545 com-

1230 2565 1450 2617 munium
1504 2583 1588 2635 per
1642 2581 1679 2627 4
1723 2565 2061 2635 multiplices,
2099 2569 2297 2640 prodire

1227 2641 1362 2705 dies,
1388 2643 1434 2695 in
1460 2643 1615 2696 Annis
1639 2644 2078 2698 triacontaeteridis
2104 2664 2296 2701 curren-

1226 2719 1286 2773 tis
1317 2720 1574 2792 completis
1592 2759 1606 2783 ‚
1639 2722 1764 2775 ultra
1786 2723 2147 2778 Hebdomades
2165 2724 2293 2795 elap-

1223 2796 1318 2852 sos.
1362 2801 1519 2853 Porro
1544 2800 1716 2853 Annus
1755 2801 1953 2872 Hegirae
1993 2802 2174 2873 primus
2210 2803 2294 2855 ha-

1225 2876 1312 2930 bet
1343 2879 1563 2946 Cyclum
1594 2879 1722 2931 Solis
1751 2894 1807 2946 15
1835 2883 1917 2944 (§-
1941 2892 2048 2944 229
2077 2883 2161 2946 >&
2183 2881 2295 2933 hinc

1225 2954 1438 3008 Lireram
1486 2955 1855 3010 Dominicalem
1886 2958 1979 3027 C(
2010 2963 2055 3018 §.
2091 2972 2187 3020 141
2218 2958 2240 3027 )
2275 2996 2291 3020 ,

1221 3030 1580 3104 consequenter
1608 3034 1812 3105 Epocha
1849 3036 1986 3102 ejuS,
2026 3053 2136 3107 quae
2180 3052 2292 3088 cum

1224 3120 1293 3167 16
1318 3111 1438 3181 Julii
1469 3113 1775 3166 connetstitur
1796 3112 1817 3179 ζ
1836 3121 1882 3176 §.
1913 3126 2023 3181 227
2050 3114 2100 3183 >2
2127 3113 2172 3165 in
2208 3115 2293 3164 Fe-

1220 3188 1343 3244 riam
1373 3186 1556 3245 sextam
1582 3189 1660 3246 seu
1693 3189 1823 3242 diem
1856 3205 1888 3257 ῼ
1909 3191 2039 3247 cadit
2060 3188 2289 3256 (5:282),

1590 3277 1594 3281 “
1707 3271 1752 3322 Τ
1797 3279 1826 3323 2
2107 3264 2295 3338 Qodli
