2641 3687
58 156 169 231 Cap.
198 149 294 207 VI.
350 149 459 205 DE
498 141 998 205 HOROLOGIIS
1037 135 1522 200 LUNARIBUS
1560 138 1657 196 ET
1697 135 2082 196 SIDEREIS.
2167 138 2278 204 '193

2034 293 2227 313 Μ

745 413 803 478 C
870 411 927 477 A
992 413 1037 477 P
1103 410 1172 477 U
1236 408 1297 475 T
1439 406 1499 474 V
1525 405 1572 472 I.

447 590 552 659 De
623 576 968 679 Horologiis
1030 571 1393 651 Lunaribus
1460 569 1538 656 εἴ
1589 568 1856 644 Sidereis.

180 778 684 834 ,Demmtro
749 770 868 822 XX.

42 915 107 972 17
118 918 163 972 5·
353 905 622 972 Orologium
637 895 842 951 Ltmare
854 897 942 958 est,
956 891 1096 969 quod

353 998 447 1052 ope
468 977 655 1032 luminis
669 976 873 1028 Luuaris
898 975 974 1029 vel
994 992 1098 1028 urn-

35 1059 136 1112 brae
160 1057 206 1111 in
228 1055 407 1111 eodem
429 1057 492 1110 ab
513 1053 675 1111 Indice
691 1054 920 1125 projectae
949 1052 1096 1107 horas

34 1138 294 1190 motiturnas
324 1135 527 1190 indicat.

217 1262 706 1318 DEFINITIO
761 1261 912 1315 XXI.

119 1400 237 1457 176.
254 1388 563 1462 Horologium
578 1388 817 1445 Sidereum
833 1384 914 1443 seu
929 1387 1098 1457 Astra-

39 1472 83 1523 le
116 1470 183 1521 est
232 1468 460 1521 Machina
486 1506 502 1532 ,
539 1468 675 1536 cujus
713 1485 810 1539 ope
835 1468 1099 1519 nocturnas

39 1548 186 1599 horas
224 1563 287 1598 ex
322 1544 482 1600 Stellae
510 1546 708 1614 alicujus
749 1542 1101 1600 observatione

43 1620 286 1680 addiscere
313 1623 441 1678 licet.

221 1752 660 1807 DEFINITIO
736 1752 921 1807 XXII.

128 1891 252 1948 177.
270 1875 582 1951 Horologium
604 1883 885 1935 noc‘lurnale
904 1880 1104 1944 dicitur,

43 1958 185 2031 quod
212 1956 356 2008 horas
387 1958 640 2010 nosturnas
673 1958 875 2013 indicat.
946 1961 1106 2014 Com-

47 2053 194 2090 mune
218 2032 348 2164 asdeo
374 2035 630 2090 Lunarium
652 2041 701 2091 &
730 2037 991 2092 Astralium
1016 2056 1107 2092 no-

52 2132 164 2168 men
203 2130 230 2165 e
275 2150 288 2166 .

290 2242 702 2296 PROBLEMA
754 2244 880 2300 LII.

141 2377 266 2436 178.
306 2365 565 2441 Horologio
584 2368 740 2426 Solam·
756 2391 988 2449 tanquam
1008 2372 1115 2428 Lu-

56 2454 170 2501 nari
192 2451 297 2507 uti,
321 2446 404 2499 hoc
428 2450 492 2516 cst
509 2485 525 2509 ,
557 2466 633 2521 ope
657 2449 914 2526 Horologii
936 2453 1117 2507 Salaros

55 2524 286 2594 cujusvis,
299 2524 572 2596 splendente
587 2526 754 2592 Luna,
777 2529 943 2586 horam
962 2536 1118 2587 noblis

58 2601 305 2673 addiscere.

360 2728 827 2793 RasoLuTIQ

75 2868 122 2910 1.
147 2849 451 2909 observetur
481 2857 600 2912 hora
616 2898 632 2924 ,
669 2880 817 2935 quam
843 2867 1022 2921 umbra
1045 2866 1124 2918 In-

182 2930 300 2984 dicis
325 2932 372 2985 in
399 2936 683 3009 Horologio
706 2943 865 2999 Solari
880 2944 945 2999 ad
974 2943 1125 3017 splen-

184 3006 360 3062 dorem
386 3011 532 3064 Lunae
562 3015 757 3075 indicat.

75 3114 125 3161 2.
153 3103 471 3176 Investigetur
504 3120 615 3160 aetas
654 3111 802 3166 Lunae
841 3127 904 3167 ex
947 3113 1131 3169 Calen-

27 3229 29 3233 Α
132 3233 137 3236 ,
188 3180 365 3243 dario³
399 3185 450 3235 &

66 3302 72 3309 ·
147 3270 309 3342 W'offii
333 3271 471 3346 Oper.
500 3276 753 3340 Mathem.
779 3281 1046 3342 Tom.1V.

1225 774 1273 829 3.
1301 759 1426 817 Dies
1451 754 1687 830 completi
1709 752 2096 827 multiplicentur
2123 775 2207 830 per
2229 763 2286 830 ἐς

1335 837 1424 910 qui
1479 836 1611 892 enim
1665 832 1833 907 prodit
1869 872 1887 897 ‚
1943 851 2169 888 numerus
2222 840 2291 893 est

1338 917 1576 970 horarum
1624 914 1690 966 ab
1732 911 1908 965 umbra
1959 911 2175 966 indicatae
2210 915 2293 968 ad-

1334 991 1615 1048 dendatum
1638 1028 1656 1055 ,
1693 1005 1746 1044 ut
1786 990 1910 1043 hora
1946 989 2143 1063 quaesita
2178 1011 2291 1064 pro-

1331 1072 1465 1126 deat.

1211 1177 1271 1227 4.
1296 1155 1493 1234 Quodsi
1523 1173 1758 1211 numerus
1790 1152 2003 1209 excedat
2037 1168 2099 1213 12
2122 1195 2139 1221 ,
2175 1155 2289 1212 inde

1331 1235 1681 1292 subtrahendae
1709 1231 1814 1287 sunt
1844 1234 1978 1286 horae
2009 1245 2074 1290 12
2098 1272 2114 1298 ‚
2145 1250 2197 1289 ut
2226 1253 2299 1291 re.

1334 1317 1586 1390 linquatur
1617 1314 1742 1368 hora
1766 1309 2060 1366 desiderata.

1250 1439 1400 1504 Eugr.
1448 1435 1492 1483 Si
1528 1447 1696 1497 quarta
1726 1433 1801 1480 die
1833 1438 1976 1481 aetatis
2007 1437 2140 1483 Lunae
2165 1435 2307 1483 Index

1219 1505 1439 1552 monstret
1462 1503 1623 1550 horam
1653 1500 1860 1554 sextam3
1890 1499 2012 1550 adde
2033 1501 2185 1551 eidem
2204 1558 2207 1562 ,
2226 1508 2308 1571 ιὲε

1222 1583 1306 1632 erit
1336 1597 1449 1644 ergo
1485 1579 1600 1628 hora
1643 1585 1726 1648 82.

1422 1709 2012 1766 DEMoNsTaAm
2046 1726 2106 1767 0.

1305 1835 1444 1893 Luna
1484 1838 1615 1891 enim
1647 1836 1845 1911 singulis
1881 1839 2060 1894 diebus
2089 1836 2118 1892 a
2147 1837 2310 1894 Novi-

1226 1917 1365 1970 lunio
1398 1921 1448 1970 &
1485 1916 1760 1971 Plenilunio
1789 1918 1975 1972 tardius
2005 1914 2070 1972 ad
2095 1917 2313 1973 eundem

1230 1995 1492 2049 Circulum
1531 1995 1784 2049 horarium
1820 1996 2013 2050 accedit
2038 2014 2188 2069 quam
2221 1994 2312 2051 Sol

1231 2073 1393 2127 tribus
1427 2074 1561 2126 horae
1586 2073 1946 2145 quadrantibus
1974 2112 1990 2137 ,
2022 2072 2125 2146 ipso
2150 2089 2318 2130 autem

1234 2152 1499 2206 Novilunii
1540 2155 1589 2206 ὃς
1615 2152 1872 2206 Plenilunii
1912 2152 1994 2207 die
2029 2152 2166 2207 fimul
2207 2170 2322 2206 cum

1234 2231 1353 2285 Sole
1379 2231 1427 2284 in
1459 2230 1639 2284 eodem
1672 2230 2016 2295 constituitur,
2048 2230 2131 2285 etfi
2170 2231 2322 2284 Pleni-

1235 2307 1356 2363 lunii
1387 2307 1471 2364 die
1497 2309 1545 2362 in
1578 2309 1800 2382 partibus
1833 2309 2067 2382 oppositis
2107 2306 2320 2377 ejusdem

1235 2388 1433 2441 Circuli
1486 2402 1754 2460 utrumque
1812 2388 1960 2442 Sidus
2026 2389 2311 2461 reperiatur.

1237 2465 1491 2541 OQOniam
1516 2465 1684 2538 itaque
1712 2468 1892 2521 umbra
1917 2466 1981 2521 ad
2017 2466 2182 2521 lumen
2214 2467 2307 2519 Lu-

1236 2563 1310 2599 nae
1336 2544 1400 2598 ab
1425 2544 1594 2598 Indice
1616 2545 1833 2617 projecta
1858 2544 2040 2599 indicat
2070 2545 2213 2599 horas
2238 2545 2304 2598 ab

1240 2620 1444 2696 appulsu
1480 2623 1631 2676 Lunae
1657 2623 1722 2677 ad
1748 2623 2078 2689 Meridianum
2108 2639 2310 2694 compu-

1244 2718 1371 2756 tatas
1401 2701 1559 2775 (quas
1577 2702 1794 2756 Lunares
1821 2702 2067 2776 appellare
2088 2702 2238 2767 libet)
2267 2704 2319 2753 &

1247 2779 1430 2834 fa&um
1468 2799 1530 2834 ex
1568 2790 1596 2854 ᾗ
1641 2780 1689 2833 in
1724 2796 1920 2835 aetatem
1960 2782 2108 2835 Lunae
2148 2778 2203 2832 fit
2230 2775 2322 2831 dif-

1250 2857 1457 2913 ferentia
1493 2858 1622 2913 inter
1659 2859 1831 2912 horam
1872 2861 2117 2914 Lunarem
2152 2860 2200 2910 &
2235 2857 2325 2909 So-

1252 2935 1402 2990 larem
1431 2956 1446 2995 3
1493 2935 1526 2990 fi
1564 2938 1663 2990 hoc
1683 2936 1866 2990 facitum
1890 2937 2026 2990 horae
2059 2934 2088 2989 a
2115 2936 2250 2988 Luna
2275 2933 2326 2984 in

1253 3014 1542 3087 Horologio
1585 3015 1748 3069 Solari
1791 3014 2018 3068 indicatae
2062 3012 2209 3069 addas
2243 3026 2327 3080 ag-

1149 3094 1154 3098 ’
1249 3108 1512 3164 gregatum
1562 3093 1653 3149 erit
1701 3093 1827 3147 hora
1881 3093 2063 3149 Solaris
2114 3086 2324 3164 quaefita.

1252 3171 1317 3246 Q&
1348 3176 1465 3228 e.d.

1719 3285 1756 3337 B
1782 3283 1817 3338 b
2138 3278 2325 3335 Seno-1
