2641 3687
169 174 275 221 122
470 152 1117 210 ELEMENTA
1225 142 2231 213 CHRONOLOGIAE'

404 307 845 360 PROBLEMA
913 301 1037 354 XX.

251 447 281 493 2
297 448 381 502 54.
429 434 619 487 Datum
672 434 875 485 Annum
939 426 1252 485 Nabonaffa-

173 531 313 570 rcum
334 519 387 568 in
405 511 608 566 Annum
628 512 812 567 Christi
826 526 1120 566 convertere„

447 611 987 664 RasoLurro.

251 724 304 778 Si
340 724 513 779 Annus
549 723 944 799 Naboanysstreus
985 726 1133 783 fuerit
1170 726 1256 780 mi-

164 819 263 856 nor
288 818 433 873 747,
452 806 650 860 duabus
677 807 953 860 unitatibus
980 809 1248 862 mulstarus

163 881 468 937 subducatur
485 903 546 938 ex
574 886 724 939 Anno
744 899 856 954 747
873 922 887 947 ,
911 884 976 938 ita
1002 886 1247 960 relinque-

165 977 245 1016 tur
263 964 436 1017 Annus
455 979 571 1018 ante
588 964 828 1033 Chrzstum
857 979 1052 1019 natum.

243 1058 296 1110 Si
337 1060 510 1113 Annus
549 1056 947 1131 Nabonaffareus
975 1059 1117 1114 fuerit
1153 1079 1253 1115 ma-

161 1136 239 1205 jor
273 1151 420 1205 747,
457 1135 536 1191 sed
576 1140 736 1193 minor
783 1150 969 1198 16883
1016 1141 1245 1194 dematur

163 1216 229 1270 ab
262 1235 326 1269 eo
365 1218 521 1271 unitas
542 1217 632 1272 &
611 1237 638 1272 a
657 1217 852 1271 residuo
879 1238 1032 1290 porro
1060 1219 1249 1274 aufera-

163 1310 243 1350 tur
264 1310 402 1366 747:
432 1296 648 1353 reliduus
667 1299 758 1352 erit
777 1299 953 1353 Annus
968 1300 1077 1373 post
1095 1299 1252 1370 Chris-⁹

166 1394 271 1434 tum
290 1394 410 1431 natu
418 1394 481 1432 n.

245 1483 295 1538 Si
340 1484 513 1538 Annus
547 1479 939 1554 Nabonayitrem
975 1483 1123 1539 fuerit
1156 1504 1255 1541 ma-

162 1565 239 1634 jor
280 1575 452 1626 1688,
496 1559 577 1615 sed
617 1564 780 1616 minor
836 1579 1015 1632 31495
1062 1562 1251 1620 subtra-

163 1645 343 1698 hantur
368 1643 433 1695 ab
457 1659 520 1694 eo
539 1641 671 1695 Anni
699 1646 809 1705 2‚&
831 1641 859 1695 a
880 1643 1078 1698 residuo
1095 1664 1254 1715 porro

166 1722 418 1778 auferatur
438 1734 550 1789 747
573 1746 586 1772 .·
616 1720 700 1792 qui
719 1721 1009 1795 relinquitur
1024 1761 1040 1787 ,
1061 1724 1131 1778 est
1154 1722 1258 1778 An-

169 1821 261 1858 nus
280 1803 389 1875 post
419 1800 658 1870 Chrtstum
688 1817 880 1855 natum.

239 1910 309 1952 Ita
345 1907 482 1950 Anno
505 1901 828 1961 Nabonaffareo
858 1916 951 1963 554
978 1903 1258 1968 respondere

172 1970 540 2034 deprehenditur
581 1982 665 2028 195
712 1971 965 2028 Julianu53
1004 1978 1047 2020 &
1099 1972 1259 2021 Nabo-

171 2039 361 2108 naffareo
385 2044 472 2096 859
491 2037 706 2096 Julianus
729 2053 815 2086 111.

396 2145 1018 2203 DEMONSTRATlo.

252 2244 413 2298 Facile
434 2244 717 2317 intelligitur
734 2265 794 2299 ex
817 2246 1262 2301 Demonstratione

173 2324 322 2400 partis
350 2324 517 2396 primae
556 2324 882 2379 problematis
917 2325 1256 2398 praecedentis,

317 2423 775 2479 DEF1N1T10
844 2427 1128 2483 LXVIII.

259 2532 387 2587 255.
432 2515 572 2573 AEra
606 2520 956 2595 Yezdegerdica
1000 2527 1070 2579 est
1110 2546 1284 2583 annusv

176 2599 378 2653 Periodi
423 2597 640 2666 Julianae
685 2615 826 2668 5345
870 2603 1104 2674 incipiens
1133 2605 1162 2660 εὶ
1197 2619 1263 2667 16

178 2678 326 2749 Junii.
354 2680 583 2732 Vocatur
604 2679 752 2733 etiam
778 2678 914 2735 AEra
937 2682 1144 2759 Perstat.

379 2781 989 2835 COROLLARIUM
1032 2785 1073 2838 Ι.

256 2884 365 2939 256.
400 2880 559 2929 Habet
602 2896 714 2943 ergo
761 2884 959 2945 Cyclum
1014 2887 1130 2932 Solis
1172 2901 1268 2943 25,

187 2950 382 3011 Cyclurn
410 2951 545 2995 Lunae
585 2951 611 2993 6
631 2981 644 3002 ‚
671 2951 872 3010 cyclum
893 2950 1206 3000 Iudicftionum
1228 2969 1271 3013 ς,

356 3042 950 3096 COROLLARIUM
1020 3043 1096 3096 II.

260 3159 368 3200 257.
406 3147 566 3190 Annus
596 3144 770 3206 primus
802 3148 911 3192 AErae
942 3147 1115 3210 Perficae
1143 3150 1271 3200 coin-

191 3210 303 3259 cidit
324 3226 427 3259 cum
451 3217 584 3261 Anno
607 3211 766 3272 Christi
783 3215 893 3274 632.

1668 285 2162 361 SCHOLIQN.

1446 428 1469 458 2
1484 418 1555 469 58.
1580 415 1826 461 Deducitur
1843 414 1923 461 haec
1953 413 2126 477 Epocha
2142 412 2168 459 ἁ
2185 425 2319 460 morte
2330 415 2398 460 Ye
2410 430 2458 462 z-

1373 494 1628 527 m-:GERms
1657 482 1800 528 ultimi
1824 478 2056 528 Persarum
2077 483 2208 544 Regis
2229 480 2254 528 ἁ
2277 484 2457 530 Sarace-

1376 547 1444 592 nis
1461 548 1506 593 in
1517 547 1664 610 praelio
1681 547 1916 607 interfebh‘.

1576 643 2051 697 PROBLEMA
2098 644 2253 698 XXI.

1453 746 1582 802 259.
1634 740 1835 795 Annum
1867 743 2107 798 Perficum
2143 748 2312 801 daetum
2350 767 2460 802 con-

1371 831 1562 869 vertere
1579 825 1634 872 in
1651 819 1851 873 Annum
1876 822 2079 878 Christi.

1635 926 2190 984 RESOLUTIO

1449 1011 1501 1068 Si
1528 1012 1707 1070 Annus
1732 1017 1878 1073 datus
1924 1018 2071 1074 fuerit
2105 1020 2270 1074 minor
2308 1028 2454 1091 670⁵

1370 1090 1532 1146 eidem
1564 1094 1811 1149 addantur
1836 1097 1968 1152 Anni
1989 1109 2141 1166 631,-
2186 1095 2371 1153 summa
2392 1101 2460 1155 est

1370 1170 1547 1224 Annus
1575 1173 1751 1244 Christi
1789 1193 1992 1232 currens
2011 1215 2029 1243 ,
2069 1176 2118 1230 in
2148 1194 2254 1250 quo
2285 1178 2454 1253 incipit

1376 1249 1508 1317 Pers
1508 1270 1611 1306 cus

1451 1329 1502 1383 Si
1527 1330 1703 1384 Annus
1739 1329 1887 1386 datus
1929 1330 2074 1387 fuerit
2110 1334 2271 1403 major
2304 1343 2453 1402 670·

1371 1406 1534 1462 eidem
1571 1409 1824 1464 addantur
1840 1413 1954 1465 anni
1979 1423 2124 1478 6303
2169 1412 2354 1468 summa
2371 1415 2456 1468 de-

1373 1505 1476 1540 nuo
1510 1489 1579 1541 est
1621 1490 1797 1543 Annus
1821 1490 1996 1580 Christi
2019 1509 2250 1558 currem,
2276 1495 2324 1548 in
2357 1512 2463 1566 quo

1371 1565 1752 1639 szdegerdtcus
1788 1569 1974 1641 incipit.

1441 1646 1490 1691 E.
1538 1661 1607 1708 gr.
1645 1649 1783 1694 Anno
1827 1647 1999 1706 Persico
2035 1663 2133 1707 420
2183 1649 2466 1713 respondere

1372 1711 1737 1775 deprehenditur
1752 1716 1914 1761 Annus
1935 1716 2094 1771 christi
2117 1733 2273 1775 1051,
2296 1717 2467 1778 Persica

1378 1786 1490 1839 850,
1504 1786 1664 1828 Annus
1687 1781 1846 1836 Christi
1874 1788 2014 1836 1480.

1575 1867 2326 1945 DEMONSTRAT10.V

1456 1968 1592 2037 Quia
1621 1970 1797 2025 Annus
1832 1972 2213 2046 Dzdegerdicus
2243 1972 2322 2030 seu
2352 1977 2469 2032 Per-

1367 2047 1492 2118 βίω
1527 2050 1595 2102 est
1632 2050 1844 2104 Dierum
1889 2064 1992 2121 365
2023 2053 2104 2121 (5.
2148 2057 2466 2121 113)inter-

1377 2126 1512 2190 vallo
1547 2143 1766 2200 quatuor
1799 2131 2060 2185 Annorum
2091 2133 2386 2206 principium
2409 2153 2462 2189 e-

1377 2207 1451 2272 jus
1481 2205 1528 2258 in
1555 2208 1708 2260 Anno
1733 2211 1935 2279 Juliano
1973 2211 2332 2284 retrogreditur
2365 2214 2467 2267 Die

1381 2302 1500 2337 un0.
1554 2286 1690 2340 Cum
1737 2287 1885 2359 igitur
1919 2292 2094 2344 Annus
2131 2290 2317 2362 pri-mus
2348 2291 2462 2345 inci·
2505 2352 2509 2358 ,

1382 2361 1531 2437 piata
1556 2366 1624 2419 D.
1664 2374 1725 2423 16
1758 2366 1874 2436 Julii
1902 2368 1982 2438 (§.
2006 2383 2110 2436 255
2134 2373 2194 2432 ),
2234 2371 2479 2442 adeoque?

1383 2441 1674 2515 principium
1707 2445 1810 2512 ejus
1845 2464 1873 2498 a
1915 2449 2160 2520 principio
2191 2447 2329 2502 Anni
2365 2451 2462 2517 Ju-

1383 2527 1512 2576 liani
1540 2522 1687 2576 distet
1726 2534 1832 2593 167
1864 2528 2104 2588 Diebus,
2147 2526 2323 2581 Annus
2349 2538 2460 2587 668

1384 2600 1760 2672 Dzdegerdicus
1783 2606 1936 2663 coepit
1956 2624 1984 2657 a
2010 2607 2255 2660 Calendis
2282 2608 2464 2678 Janua-

1387 2679 1475 2742 rii,
1508 2689 1620 2748 670
1659 2699 1781 2735 vero
1821 2685 1885 2735 ab
1922 2684 2101 2737 ultimo
2148 2686 2462 2740 Decembris,

1388 2761 1578 2826 Quare,
1598 2756 1628 2811 fi
1643 2763 1814 2814 Annus
1834 2763 2043 2838 Perficus
2067 2766 2132 2818 est
2150 2766 2309 2818 minor
2326 2774 2461 2831 670,

1387 2836 1522 2891 Anni
1570 2837 1753 2906 Christi
1798 2851 1899 2907 631
1941 2880 1956 2904 ,
1991 2845 2077 2915 qui
2131 2841 2196 2897 ad
2249 2844 2462 2913 primum

1388 2917 1630 2988 Perstcum
1660 2915 1812 2990 usque
1842 2919 2019 2992 elapsi,
2063 2919 2169 2975 sunt
2206 2921 2465 2987 addendi,

1388 3012 1440 3048 ut
1474 2997 1720 3050 habeatur
1746 3000 1921 3051 Annus
1947 2999 2130 3071 Christi
2153 3019 2351 3054 currens
2368 3041 2381 3063 ,
2411 3001 2461 3055 in

1388 3092 1493 3145 quo
1516 3075 1669 3145 coepit
1695 3075 1926 3146 Perficus.
1995 3083 2045 3133 Si
2073 3099 2195 3134 vero
2224 3078 2358 3133 idem
2383 3080 2463 3133 hic

1387 3153 1561 3208 Annus
1590 3161 1702 3220 670
1734 3156 1893 3221 major
1921 3176 1936 3213 3
1969 3158 2158 3212 initium
2181 3160 2283 3225 ejus
2309 3174 2460 3211 retro-

1336 3231 1338 3237 ’
1388 3230 1517 3290 ceflit
1540 3233 1589 3288 in
1621 3235 1960 3299 Decembrem
1989 3238 2124 3293 Anni
2149 3240 2356 3307 Juliani
2378 3255 2460 3291 an-

2238 3317 2456 3380 terioriS,
