2641 3687
245 154 325 213 ff
591 137 1210 198 ELEMENTA
1291 138 2189 204 cuRoNoLoc1AE

244 275 472 322 'Annorum
498 269 670 332 forma,
691 286 795 336 quas
818 274 930 335 apud
957 271 1142 330 diversas
1161 273 1322 317 Gentes

245 341 316 387 vel
349 339 450 387 olim
482 337 704 400 obtinuisse
733 352 930 387 veterum
956 350 1323 386 monumentorum

235 407 325 467 fide
352 405 538 462 constat,
554 407 626 454 vel
652 407 879 455 hodienum
907 405 1098 454 obtinere
1122 406 1323 468 comperi-

237 491 336 601 ἕηκε
357 493 368 523 :
405 477 456 522 de
473 475 626 538 quibus
651 490 761 523 nunc
784 477 971 540 quaedam
999 472 1121 521 nobis
1148 475 1323 520 dicenda

256 554 347 591 unt.

405 609 914 665 DEFINITJO
978 608 1157 661 XXIX.

315 729 410 788 78.
458 717 767 793 Principium
793 718 933 772 Anni
964 720 1032 772 est
1059 717 1182 771 Dies
1208 716 1323 770 civi·

234 797 291 852 lis
309 837 324 862 ,
361 796 391 852 ἐ
420 816 527 872 quo
551 813 875 854 numerantur
903 796 1026 852 Dies
1054 796 1186 851 Anni
1214 795 1321 850 reli-

232 895 340 951 qui.

434 957 990 1013 CoRoLLARNJM
1056 955 1097 1007 Ι.

302 1070 381 1115 79.
418 1054 659 1120 Qoniam
689 1050 967 1115 principium
999 1049 1114 1097 illud
1151 1047 1181 1098 ὲ
1219 1049 1324 1099 reli-

229 1127 342 1186 quis
359 1124 484 1171 Anni
506 1120 687 1168 Diebus
703 1121 878 1181 optime
900 1115 1091 1166 discerni
1108 1116 1275 1170 debet3
1295 1116 1325 1164 fi

232 1190 299 1238 ad
323 1204 507 1238 motum
529 1188 647 1235 Solis
669 1185 903 1249 respicias,
930 1185 1220 1232 statuendum
1240 1187 1327 1232 erit

239 1259 289 1306 in
308 1255 504 1321 ingreffu
535 1255 652 1302 Solis
674 1255 721 1301 in
746 1255 964 1317 punctum
989 1251 1184 1314 aliquod
1211 1256 1324 1300 Car-

240 1326 399 1373 dinale
420 1345 429 1372 :
465 1328 510 1371 in
531 1322 708 1385 punctis
725 1325 845 1369 enim
870 1320 1191 1367 Solstitialibus
1211 1323 1325 1367 Dies

156 1445 160 1447 ,
240 1393 306 1440 est
345 1392 626 1439 breviffimus
664 1392 734 1436 vel
773 1388 1056 1451 longissimus
1094 1391 1106 1442 (
1142 1389 1185 1445 §.
1232 1403 1320 1447 2¹3

241 1459 414 1513 Astron.
434 1459 480 1518 )‚
506 1458 550 1505 in
571 1456 750 1521 punffis
769 1454 1182 1517 AEquinoffialibus
1212 1455 1326 1502 Dies

240 1527 386 1577 Νοᾶἰ
403 1525 592 1588 aequalis
615 1530 627 1580 (
649 1529 701 1581 5.
725 1543 742 1572 ι
759 1540 811 1580 32
836 1526 991 1585 Geogr.
1011 1522 1043 1583 ).

359 1631 1023 1684 COROLLARIUM
1109 1624 1186 1678 ΙΙ.

315 1735 390 1780 80.
426 1730 491 1775 Ex
513 1727 675 1775 eadem
708 1728 888 1774 ratione
920 1735 1083 1788 patet,
1123 1723 1153 1769 fi
1183 1725 1322 1770 Anno

179 1849 182 1851 Α
238 1795 410 1846 [unari
431 1795 596 1848 utaris,
616 1793 803 1841 initium
825 1796 921 1850 ejus
945 1790 1126 1854 optime
1155 1789 1323 1838 consti-

235 1864 312 1913 tui
333 1865 380 1912 in
403 1863 559 1925 aliqua
580 1861 701 1908 Phafi
723 1860 919 1909 notabili
941 1861 1091 1905 Lunae.

408 1959 901 2011 DEFINITIO
960 1952 1135 2005 XXX.

324 2063 413 2113 81.
457 2053 657 2126 Epocha
682 2050 779 2106 five
804 2047 945 2107 AEra
966 2052 1035 2105 est
1059 2034 1325 2112 terminus,

238 2130 276 2188 ἐι
294 2150 400 2207 quo
421 2133 553 2188 Anni
576 2147 915 2187 numerantur.

442 2264 1138 2318 CoROLLARIUM.

324 2399 401 2444 82.
436 2392 557 2440 Cum
589 2392 713 2439 nulla
738 2388 859 2438 ratio
889 2388 1210 2437 Astronomica
1237 2384 1331 2434 sua-

247 2459 362 2508 deat
380 2492 391 2514 a
416 2475 496 2507 cur
516 2459 637 2507 hane
656 2461 837 2521 potius,
862 2471 1002 2519 quam
1042 2458 1177 2503 aliam
1210 2457 1332 2516 Epo-

253 2529 388 2576 cham
412 2526 697 2578 constituas;
739 2525 1033 2586 Epocharum
1062 2521 1332 2572 constitutio

252 2597 374 2645 meri
392 2592 570 2643 arbitrii
602 2593 791 2641 humani
813 2590 889 2642 est.

542 2711 1044 2767 ScfloLION.

329 2849 408 2899 83.
431 2843 548 2890 Hinc
583 2858 664 2889 non
698 2844 884 2894 mirum,
917 2840 1267 2904 quemadmodum
1294 2839 1340 2884 in

252 2908 600 2975 fubfhquentibus
624 2908 847 2956 docebitur
865 2944 879 2960 ,
916 2911 1102 2955 omnium
1113 2906 1209 2968 fere
1227 2908 1342 2952 Gen·

259 2983 372 3028 tium
388 2976 577 3035 diversus
596 2978 650 3024 ἐν
670 2978 770 3025 olim
782 2974 933 3038 fuiffe,
955 2977 1251 3025 &hodienum
1266 2975 1342 3022 ad-

250 3048 342 3095 dmi.-
367 3043 443 3105 effe
464 3045 675 3109 Epochas.

1669 277 2076 330 PROBLEMA
2141 273 2280 331 VII.

1528 410 1619 464 84.
1648 400 1820 459 Annos
1843 406 1983 459 datos
2007 405 2126 458 datae
2149 403 2351 476 Epochae
2376 420 2517 460 revod

1445 483 1651 613 caredad
1678 481 1851 537 Annos
1876 486 2081 538 alterius
2118 481 2318 558 Epochae
2349 483 2515 559 fimiti-

1445 575 1520 614 ΖΕΓ
1592 577 1694 616 dtae.

1748 641 2217 695 Resonurm.

1455 781 1500 824 Ι.
1533 765 1883 823 Constituatur
1918 769 2082 841 aliqua
2122 767 2390 825 Annorum
2430 773 2525 826 Pe-

1563 846 1765 910 riodu3‚
1791 848 1929 915 cujus
1953 848 2144 903 initium
2159 849 2391 920 Epochas
2417 868 2525 904 om-

1567 943 1654 979 nes
1694 927 1948 981 antecedit
1972 966 1987 990 ,
2025 942 2077 980 ut
2109 925 2241 980 adeo
2281 926 2336 980 fit
2372 927 2525 982 veluti

1569 1005 1938 1076 receptaculum
1957 1006 2277 1079 Epocharum
2301 1006 2528 1061 omnium

1567 1101 1853 1138 commune.

1453 1171 1501 1218 2.
1532 1166 1720 1217 Omnes
1747 1163 1963 1236 Epochae
1998 1162 2197 1235 reliquae
2229 1162 2527 1217 reducantur

1568 1241 1632 1295 ad
1661 1242 1788 1294 hanc
1814 1240 2102 1303 Periculum,
2120 1256 2172 1293 ut
2191 1260 2371 1314 nempe
2388 1239 2528 1295 cons-

1568 1335 1639 1374 tet
1658 1358 1672 1382 ,
1708 1320 1794 1392 qui
1821 1320 1964 1388 hujus
1993 1319 2188 1373 Periodi
2214 1321 2386 1374 Annus
2421 1320 2529 1374 sue-

1570 1399 1633 1452 rit
1654 1399 1871 1471 Epochae
1890 1397 2222 1471 cujuscunque
2245 1399 2449 1471 primus·

1457 1496 1507 1548 3.
1537 1478 1711 1533 Annus
1735 1477 1880 1531 datus
1903 1475 2117 1530 addatur
2142 1476 2208 1529 ad
2228 1479 2428 1531 Annum
2444 1480 2530 1533 Pe.

1573 1556 1729 1620 nodi,
1756 1575 1868 1611 cum
1894 1574 1998 1629 quo
2032 1555 2239 1628 Epocha
2270 1556 2374 1624 ejus
2411 1574 2532 1612 con-

1571 1637 1796 1690 nectitur.

1451 1732 1500 1779 4.
1529 1714 1653 1770 Inde
1675 1713 1924 1768 auferatur
1947 1730 2119 1774 annm,
2134 1730 2246 1767 cum
2271 1729 2377 1786 quo
2395 1716 2536 1788 Epo-

1568 1795 1664 1848 cha
1691 1793 1842 1847 altera
1874 1792 1991 1846 data
2016 1793 2339 1846 connenftitur.

1449 1877 1521 1929 Ita
1548 1873 1842 1945 relinquitur
1867 1871 2039 1925 Annus
2063 1870 2209 1925 datus
2230 1872 2296 1927 ab
2321 1873 2532 1945 Epocha

1448 1953 1602 2007 altera
1636 1966 1936 2006 numeratus,

1744 2065 2239 2118 Scflomou.

1523 2179 1548 2224 8
1564 2188 1602 2230 5.
1638 2176 1862 2238 Quomodo
1885 2173 1988 2220 talis
2012 2174 2223 2220 Periodus
2242 2173 2402 2234 optime
2427 2167 2538 2226 cons-

1453 2244 1647 2290 tituatur
1674 2243 1729 2288 &
1757 2243 1959 2304 quomodo
1988 2256 2126 2286 omnes
2158 2240 2336 2302 Epochae
2358 2241 2412 2286 ad
2439 2252 2541 2283 ean-

1456 2313 1550 2358 dem
1566 2311 1853 2362 reducantur,
1876 2311 1920 2355 in
1935 2305 2282 2371 subsequentibus
2298 2310 2506 2355 docemus.

1645 2428 2093 2481 DEFINITIO
2150 2424 2364 2479 XXXI.

1542 2563 1631 2616 86.
1680 2553 1902 2609 seculum
1948 2554 2017 2607 est
2068 2554 2296 2624 Systema
2340 2564 2540 2605 centum

1461 2635 1724 2691 Annorum
1764 2635 1829 2688 ab
1866 2634 2073 2706 Epocha
2107 2635 2274 2707 aliqua
2320 2645 2545 2687 numera·

1461 2732 1648 2772 torum.

1696 2793 2315 2848 CoRoLLARIUM.

1539 2932 1613 2980 87.
1648 2920 1827 2985 Quodsi
1846 2920 1968 2969 adeo
1987 2918 2112 2968 Anni
2132 2920 2370 2967 currentes
2395 2930 2558 2964 nume-

1465 3006 1626 3042 rentur
1649 3007 1661 3044 ;
1693 2993 1857 3037 Annus
1881 2988 2101 3036 Secularis
2127 3003 2224 3034 non
2249 2985 2310 3033 ad
2346 2986 2560 3031 Seculum

1463 3075 1639 3109 novum
1660 3088 1684 3113 ι,
1722 3054 1803 3108 sed
1837 3054 1898 3106 ad
1918 3059 2157 3112 alterum,
2195 3051 2329 3117 quod
2349 3049 2561 3106 finitur-a

1454 3125 1650 3190 speeiem,

2387 3284 2545 3357 eff
