2641 3687
73 145 179 216 Cap.
206 143 243 197 I.
295 142 389 199 DE
429 141 1035 201 FUNDAMENTIS
1081 141 1753 203 ARCHITECTURIS
1791 147 2120 208 ‚C1V1L13.

203 270 850 326 CoRoLLARIUM
916 272 986 326 Π.

130 389 203 425 23.
240 375 443 421 Ornatus
463 375 583 422 adeo
617 375 808 422 AEdificii
846 371 1120 435 perfectioni

50 443 146 551 ejug
165 437 247 486 fiv‘e
265 455 376 487 verae
392 474 406 494 ,
441 438 528 488 sive
545 440 807 503 apparenti,
827 439 1006 487 officere
1023 456 1117 488 non

58 506 114 552 de
151 518 209 553 et·

259 590 703 646 DEFINITIO
770 592 904 645 VII.

128 679 216 727 24.
260 667 541 739 symmetria
579 671 644 720 est
670 669 966 722 conveniens
1006 685 1110 738 par·

47 744 164 798 tium
192 745 313 796 inter
335 742 379 798 se
405 750 455 799 8<
474 747 536 799 ad
563 762 723 799 totuin
743 748 884 799 rati0.

184 842 838 894 COROLLARIUM
909 840 947 895 l.

117 953 201 995 25„
227 938 462 993 Qoniam
493 936 675 984 venusta
710 954 802 986 non
826 938 1066 986 censentur
1086 968 1101 990 ,

46 1020 145 1065 quae
169 1019 263 1049 non
284 1001 622 1065 cognoscuntur
641 1008 718 1059 (9‘.
746 1003 834 1064 ιο)
860 1021 872 1055 3
903 1006 1105 1051 rationes

46 1069 242 1133 pulchrae
273 1087 368 1117 non
389 1067 512 1121 sunt,
542 1066 617 1116 nisi
637 1085 734 1129 quae
766 1073 1008 1116 oculoru-m
1040 1073 1105 1128 ju-

51 1135 171 1181 dicio
210 1133 342 1181 facile
389 1134 743 1196 dignoscuntur,
775 1136 867 1181 hoc
899 1137 983 1189 est,
1009 1152 1106 1197 quae

53 1200 150 1247 sunt
173 1217 222 1247 ut
253 1201 400 1248 unitas
438 1200 495 1247 ad
531 1217 772 1247 numerum
802 1202 1002 1263 aliquem
1039 1202 1105 1249 in-

50 1280 229 1328 tegrum
249 1299 264 1319 ‚
295 1265 370 1312 sed
396 1267 610 1328 exiguum
633 1299 646 1319 ,
683 1283 720 1313 e.
740 1282 806 1329 gr.
839 1284 854 1312 1
879 1287 891 1314 .·
921 1287 960 1321 ι,
981 1285 1020 1315 1:
1047 1285 1068 1313 2
1087 1300 1101 1320 ,

55 1349 103 1379 1:
131 1349 149 1392 3
174 1338 255 1380 &a
278 1336 348 1380 vel
380 1349 429 1380 ut
465 1349 677 1380 numerus
709 1333 886 1396 integer
915 1338 1106 1397 exiguus

48 1395 107 1445 a'd
123 1401 351 1461 integrum
372 1399 509 1446 alium
530 1401 702 1446 unitate
722 1403 964 1458 majorem,
988 1418 1026 1448 e.
1039 1415 1105 1462 gr.

51 1481 100 1511 2:
128 1480 175 1518 3,
207 1480 318 1525 314,
340 1482 393 1524 4:
421 1481 437 1520 5
477 1470 558 1512 ἃς.
598 1467 664 1514 vel
704 1466 906 1526 denique
944 1481 992 1513 ut
1025 1483 1104 1513 nu-

48 1546 198 1576 merus
221 1534 396 1592 integer
417 1532 606 1592 exiguus
624 1531 679 1577 ad
702 1534 858 1584 alium,
881 1537 958 1593 qui
978 1531 1108 1579 diffe-

49 1598 193 1643 rentia
219 1600 381 1657 exigua
408 1597 533 1643 illum
561 1596 770 1651 excedit,
806 1615 843 1644 e.
880 1616 946 1661 gr.
970 1619 1019 1661 3:
1054 1612 1105 1658 5,

52 1669 398 1725 5:7‚-7:9&c.

229 1748 786 1801 COROLLARIUM
855 1751 928 1801 II.

120 1851 195 1888 26.
232 1847 505 1905 Symmetria
525 1843 643 1889 adeo
678 1849 821 1905 magis
840 1848 1109 1908 placet‚quo
1172 1886 1174 1890 ,

51 1913 151 1969 quis
176 1913 319 1970 magis
339 1908 476 1955 fuerit
497 1911 765 1956 exercitatus
788 1914 830 1956 in
856 1913 1111 1957 rationibus
1172 1929 1178 1945 ν

49 1975 361 2030 quantitatum
393 1978 634 2022 oculorum
655 1975 823 2034 judicio
855 1976 1112 2025 discernen-

46 2039 346 2099 dis(3l“.10).

339 2121 825 2173 SCHOLION.

0 2271 1 2278 ἵ
120 2229 194 2264 27.
234 2220 360 2261 Hanc
383 2230 451 2273 ego
476 2216 684 2261 rationem
709 2218 860 2267 reddo,
901 2231 975 2260 cur
1008 2230 1115 2277 quee-

49 2283 143 2326 dam
175 2283 363 2327 rationes
381 2282 574 2342 placeant
594 2283 752 2340 magis,
773 2298 896 2343 quam
917 2284 1005 2327 aliae
1028 2299 1039 2326 .·
1066 2287 1115 2331 ί]

49 2346 142 2393 hinc
174 2347 392 2403 innotescit
414 2378 425 2398 ,
455 2363 533 2392 non
548 2346 625 2403 fidi
655 2346 941 2403 confitetudim'
968 2350 1012 2395 ici
1041 2347 1115 2404 effe
1174 2375 1180 2404 3

17 2410 344 2464 ‘tribue-ndum,
384 2429 455 2458 ceu
497 2413 628 2468 cenfiet
669 2417 983 2459 Fanniam-ius
1017 2413 1114 2470 (a).
1175 2428 1177 2431 ’

54 2477 228 2526 Veteres
257 2478 414 2536 easdem
453 2482 641 2524 rationes
671 2478 961 2540 approbarunt
986 2512 998 2531 ‚
1045 2479 1116 2536 sed
1175 2487 1180 2514 ³

53 2545 119 2590 eas
142 2545 212 2590 vel
249 2546 274 2589 ἁ
312 2545 527 2598 βνιιῐίιικα
567 2548 762 2606 Corporis
793 2547 968 2592 hmnani
992 2578 1007 2598 ‚
1047 2545 1117 2591 vel
1175 2562 1179 2582 ὲ

2 2620 3 2623 ’
53 2608 105 2655 ab
146 2614 386 2657 Harmonia
444 2611 621 2667 Mufices
659 2614 925 2658 derivarunt.
998 2616 1116 2657 Hinc

53 2687 178 2722 enata
217 2678 269 2736 el}
298 2679 558 2723 Vitnuvio
598 2675 674 2733 (b)
714 2679 873 2737 Regula
913 2696 927 2725 .·
964 2676 1116 2722 AEdifi-

52 2740 170 2786 cium
207 2741 265 2787 ad
300 2741 502 2787 hominis
537 2741 653 2787 bene
690 2741 869 2804 figurati
906 2743 1114 2790 membra

52 2808 252 2853 exactam
281 2807 450 2854 habere
474 2806 642 2853 debere
680 2809 919 2858 rationem.

213 2886 761 2941 COROLLARJUM
822 2890 937 2942 III.

119 2974 194 3019 28.
233 2970 468 3029 Quoniam
498 2968 716 3031 judicium
760 2977 1004 3023 oculorum
1040 2977 1112 3023 vel

146 3095 226 3141 (a)
256 3100 299 3137 In
320 3098 423 3138 notis
451 3099 498 3140 ad
530 3099 670 3139 Vitruv.
713 3100 783 3144 lib.
803 3112 840 3153 4.
861 3117 896 3146 c.
917 3116 948 3148 ι.
965 3117 1002 3148 n·
1025 3114 1058 3152 7·
1081 3101 1110 3146 f·

63 3149 200 3194 105.&
218 3159 255 3185 n.
280 3159 332 3185 12.
353 3146 378 3186 f.
404 3156 484 3189 106.

152 3197 234 3245 (b)
261 3195 345 3238 Lib.
368 3208 403 3248 3.
421 3212 458 3243 c.
480 3212 512 3240 1.
529 3198 557 3242 f.
577 3214 629 3241 m.
652 3205 711 3250 38.

1173 2329 1180 2367 :a
1174 2315 1179 2324 -
1162 2227 1180 2310 -n-x-ass
1171 2161 1179 2221 mx
1171 2106 1179 2156 :nm
1172 2088 1178 2101 1„
1177 2068 1179 2083 x

2197 160 2312 217 291·

1246 275 1444 318 maxime
1474 277 1772 321 exercitatum
1802 273 1955 324 fallere
1976 277 2083 326 solet
2103 310 2117 334 ,
2146 279 2203 327 *in
2222 280 2306 327 mi-

1241 338 1381 385 nutiis
1402 337 1427 384 a
1448 339 1704 387 rationibus
1725 342 1927 404 pulchris
1948 343 2080 392 illaesa
2108 345 2306 407 pulchri-

1239 402 1400 450 tudine
1419 404 1667 454 aberratur.

1300 518 2006 572 ·COROLLAR1UM
2073 520 2177 575 IV.

1298 635 1378 678 29.
1415 619 1469 663 Et
1501 616 1612 678 quia
1637 619 1876 662 oculorum
1898 617 2069 674 iudicio
2089 622 2210 667 nulla
2229 626 2296 669 ra-'

1236 687 1303 730 tio
1337 683 1482 743 magis
1508 694 1636 745 patet
1662 697 1798 742 quam
1822 681 2070 746 subdupla,
2107 700 2156 731 ea
2180 702 2294 747 quo-

1233 765 1324 811 que
1351 751 1559 797 omnium
1590 747 1899 796 venustiffima.

1498 843 1919 894 PROBLEMA
1975 842 2012 892 I.

1313 948 1400 999 30.
1448 935 1505 987 In
1540 937 1653 988 dato
1696 936 1905 1006 quolibet
1939 934 2048 1004 casia
2081 937 2294 1006 particu-

1229 1014 1328 1065 lari
1352 1015 1551 1078 definire
1568 1051 1584 1076 ,
1611 1033 1819 1084 quamam
1843 1018 1969 1067 ratio
1981 1015 2048 1082 sit
2088 1031 2295 1064 ommam

1230 1095 1424 1161 optima.

1498 1198 2015 1251 RfisoLUTIO.

1234 1327 1279 1367 Ι.
1308 1309 1561 1380 Qoniarn'
1586 1312 1801 1364 rationes
1848 1310 2028 1364 finibus
2053 1307 2289 1364 conveni⁴

1164 1376 1172 1434 l
1349 1405 1398 1439 re
1426 1386 1607 1440 debent
1632 1391 1707 1456 (§.
1728 1392 1817 1452 8.)
1847 1408 1859 1444 ;
1887 1407 1947 1441 ex
1975 1406 2146 1440 eorum
2179 1404 2291 1439 con·

1346 1463 1638 1519 fideratione
1675 1485 1774 1518 non
1803 1467 1957 1518 modo
1992 1461 2251 1519 innotescit
2272 1500 2287 1525 ‚

1349 1560 1569 1612 quaenam
1613 1542 1848 1596 dimensio
1905 1545 2058 1596 altera
2094 1542 2292 1613 longior

1348 1618 1441 1672 cll'c
1478 1621 1689 1681 debeat,
1731 1639 1900 1674 verum
1943 1622 2088 1673 etiam
2131 1636 2295 1676 utrum

1350 1700 1506 1762 major
1529 1735 1544 1761 ,
1572 1718 1632 1751 an
1659 1698 1820 1751 minor
1861 1699 1988 1752 ratio
2010 1700 2177 1753 locum
2215 1697 2295 1757 ha-⁴

1352 1776 1483 1829 beat.

1238 1892 1285 1937 2.
1319 1884 1487 1947 Quare
1513 1876 1545 1930 fi
1583 1879 1795 1950 pulchrae
1829 1879 2041 1933 rationes
2083 1877 2297 1932 confide-

1350 1972 1514 2008 rentur
1548 1958 1631 2022 (§.
1672 1971 1735 2023 25
1758 1959 1819 2028 );
1869 1956 2001 2009 haud
2040 1953 2298 2010 difficulter

1348 2035 1640 2104 apparebit,
1667 2054 1889 2106 quaenam
1928 2032 2053 2105 casui
2082 2033 2300 2106 proposi·

1349 2127 1405 2164 to
1430 2130 1647 2164 omnium
1675 2129 1887 2165 max1me
1924 2129 2201 2165 conveniat.

1267 2238 1315 2282 E.
1340 2252 1406 2298 gr.
1435 2237 1686 2290 Quaeritur,
1711 2252 1918 2297 quaenam
1945 2236 2112 2282 debeat
2131 2235 2214 2283 effe
2233 2251 2301 2284 ra-=

1236 2302 1304 2348 tio
1326 2302 1576 2349 latitudinis
1602 2306 1751 2354 Januae
1780 2301 1837 2348 ad
1871 2301 2159 2349 altitudinem
2187 2306 2300 2361 ejus.

1174 2406 1180 2413 .
1237 2369 1356 2414 Cum
1379 2367 1478 2415 finis
1509 2372 1664 2420 Januae
1700 2366 1752 2414 sit
1790 2369 2042 2415 concedere
2065 2369 2299 2416 transitum

1175 2446 1180 2485 ἒ
1236 2434 1519 2486 hominibus,
1538 2434 1697 2481 statura
1715 2448 1869 2481 autem
1891 2435 2093 2481 hominis
2116 2435 2171 2481 ad
2199 2436 2299 2482 lati-

1174 2523 1180 2559 '1
1237 2501 1444 2546 tudinem
1463 2500 1628 2547 habeat
1658 2501 1887 2547 rationem
1920 2504 2055 2563 paulo
2076 2505 2298 2559 maiorem

1237 2566 1412 2626 dupla‚·
1449 2566 1635 2613 evidens
1662 2566 1770 2613 inde
1800 2566 1860 2612 est
1900 2567 2192 2615 altitudinem
2228 2571 2297 2620 Ja-

1238 2648 1335 2678 nuae
1357 2647 1448 2679 non
1474 2632 1616 2677 modo
1652 2632 1944 2679 latitudinem
1975 2633 2196 2680 excedere
2217 2634 2293 2680 de-

1237 2697 1367 2749 bere,
1399 2697 1472 2743 sed
1510 2697 1648 2744 etiam
1683 2699 1807 2746 illam
1839 2698 1897 2745 ad
1933 2699 2048 2746 hanc
2086 2699 2294 2746 omnium

1236 2764 1414 2826 optime
1440 2764 1535 2810 fieri
1553 2764 1600 2810 in
1620 2764 1801 2812 ratione
1819 2764 1957 2826 dupla
1980 2768 2142 2825 (Αἶας.
2167 2768 2262 2824 29).

1420 2869 1851 2923 DEFINITIO
1910 2872 2077 2924 VIII.

1313 2995 1401 3046 31.
1445 2982 1737 3056 Eurythmia
1776 2985 1845 3038 est
1895 2983 2158 3039 similitudo
2207 3001 2290 3036 eo-

1233 3077 1369 3120 rum,
1398 3077 1505 3128 quae
1531 3062 1596 3115 ab
1622 3078 1834 3136 utroque
1857 3062 2008 3121 latere
2031 3062 2179 3118 medii
2203 3057 2292 3115 dis-

1234 3136 1392 3192 fimilis
1417 3134 1544 3194 sunt.

1591 3248 1681 3296 Oo
1718 3257 1768 3301 2·
2052 3246 2297 3299 COROL-
