2610 3687
102 158 221 231 cap.
259 152 386 208 Vn.

468 153 562 206 DE
599 144 876 207 PLAGIS‚
920 143 1175 200 VENTIS
1212 142 1301 197 ET
1333 139 1906 197 TEMPESTATIBUS
1945 142 2172 200 VAGIS.
2255 158 2328 211 43

796 349 857 413 C
910 348 966 412 A
1013 347 1056 411 P
1101 346 1167 412 U
1223 344 1281 410 T
1400 343 1577 410 VII.

398 503 507 571 De
563 494 772 596 Plagis
798 546 814 571 ‚
870 492 1075 567 Ventis
1126 487 1203 573 εἴ
1257 486 1733 588 ‘Empestatibns
1784 495 1991 591 vagis.

220 658 659 717 Drstmmo
711 649 990 700 XXXVI.

74 746 205 805 '2107-
337 732 483 804 Laga
510 731 574 783 est
601 721 871 781 interseetio
895 723 1144 778 Horizon-

221 733 323 883 P
349 812 409 864 tis
435 813 483 862 δε
501 804 687 863 Circuli
712 804 972 857 verticalis,

247 893 843 945 COROLLARIUM
927 883 970 936 Ι.

148 975 257 1018 2082
288 970 379 1013 Tot
406 962 523 1010 adeo
551 959 649 1011 sunt
664 961 836 1021 plagae,
869 970 989 1019 quot
1007 959 1144 1003 Hori-

80 1035 239 1081 ·zontis
258 1032 444 1096 punfitb
468 1030 556 1075 hoc
573 1027 649 1080 est,
668 1041 864 1072 numero
881 1024 1077 1072 infinitae.

374 1099 406 1150 S
435 1112 466 1148 c
497 1111 529 1146 n
555 1110 590 1146 ο
619 1109 650 1145 L
682 1108 699 1145 1
729 1108 764 1144 o
794 1107 852 1146 N.

155 1190 261 1227 209·
292 1177 514 1221 Interdum
544 1187 699 1236 quoque
718 1172 856 1231 Plaga
873 1170 1055 1227 firmitur
1070 1180 1148 1230 pro

81 1241 372 1299 ‹interset‘t‘ione
390 1239 538 1287 circuli
551 1239 770 1285 verticalis
784 1241 839 1285 (θ’
854 1237 1003 1284 circuli
1018 1235 1147 1295 cujuf-
1194 1295 1196 1298 ι

80 1325 243 1372 cunque
255 1310 498 1358 Horizonti
511 1306 703 1368 paralleli
713 1327 728 1359 ;
747 1308 872 1351 immo
893 1304 918 1349 ὰ
940 1304 1147 1349 nonnullis

80 1388 160 1439 pro
179 1375 389 1434 stgmento
405 1373 623 1420 verticalis
642 1375 756 1419 inter
777 1374 895 1417 Meri
901 1373 1073 1417 dianam
1093 1371 1148 1416 Θ

88 1443 382 1491 Ηονὶζοητεφη
411 1440 482 1488 vel
509 1439 706 1488 circulum
735 1441 870 1486 eidem
895 1436 1148 1501 parallelum

82 1511 340 1569 intercepto.

229 1575 879 1627 CoRoLLARIUM
943 1572 1011 1622 ΙΙ,

158 1666 267 1699 210.
311 1652 450 1713 Plagae
486 1647 740 1697 indicantur
788 1664 870 1711 per
916 1649 1058 1696 rectas
1094 1663 1152 1692 ex

90 1717 265 1778 puncto
291 1717 337 1764 in
364 1719 502 1779 plano
529 1715 817 1763 Horizontali
851 1715 1044 1763 assumto
1065 1729 1152 1765 <un-

88 1781 325 1845 diquaque
346 1783 391 1830 in
415 1781 634 1831 infinitum
667 1797 974 1830 excurrentes.

248 1853 645 1904 DEFINITIO
698 1852 992 1905 XXXVll.

165 1938 226 1983 21
249 1942 292 1983 1.
325 1928 479 2000 Plagae
497 1927 773 1981 Cardinales
800 1926 907 1981 sunt
928 1923 1151 1980 intersec-

79 2004 243 2059 tiones
285 2004 574 2059 Horizontis
612 2010 662 2060 &
699 2006 960 2061 Meridiani
1001 2021 1154 2076 atque

80 2083 273 2138 Circuli
289 2083 543 2137 Verticalis
559 2083 996 2156 primarii.Nempe
1013 2085 1154 2136 inter-

87 2158 323 2214 fectiones
336 2162 622 2214 Horizontis
637 2165 683 2215 8<
698 2162 959 2216 Meridiani
976 2179 1155 2214 vocan-

87 2255 166 2292 tur
180 2236 443 2311 Septentrio
456 2238 677 2313 (Nono)
698 2245 746 2295 &
764 2242 950 2316 Auster,
967 2243 1062 2301 (Su
1077 2243 1152 2302 D),

82 2332 297 2388 quarum
328 2316 410 2369 illa
446 2317 572 2370 Folo
603 2317 1010 2389 septentrionali,
1053 2318 1154 2371 haec

84 2393 395 2447 meridionali
409 2394 590 2450 vicina:
614 2395 884 2452 interseStio
900 2400 1151 2453 Hotizon-

86 2472 149 2525 tis
167 2472 313 2525 ortivi
345 2475 394 2526 ἃς
412 2475 668 2529 Verticalis
697 2476 910 2547 primarii
938 2478 1113 2530 Oriens
1139 2494 1152 2531 3

90 2553 191 2615 (Os
203 2550 261 2619 T)
287 2547 554 2605 intersectio
571 2556 858 2608 Horizontis
884 2554 1082 2607 occidui
1105 2556 1155 2606 δε

63 2659 66 2663 ·
89 2628 344 2684 verticalis
371 2628 581 2699 primarii
618 2634 846 2686 Occidens
873 2632 1113 2701 (Wfist).

321 2708 782 2764 ‘CoRoLLAat
811 2727 925 2764 um.

157 2800 266 2831 212.
293 2783 578 2831 coincidunt
604 2787 722 2835 adeo
747 2803 850 2835 cum
874 2787 1157 2837 Cardinibus

86 2848 252 2896 'Mundi
284 2847 440 2908 (580
456 2851 655 2908 Astron.)
697 2859 744 2900 δε-
767 2855 1008 2901 intervallo
1047 2871 1158 2917 qua-

97 2915 270 2962 drantis
287 2914 360 2962 seu
373 2931 433 2972 90
451 2916 674 2978 graduum
689 2916 714 2968 a.
725 2919 980 2968 seinvicem
995 2922 1159 2971 distant

95 2978 285 3039 (5126
305 2982 520 3042 Astron.).
737 3022 741 3027 -

239 3047 640 3104 Derrnirto
685 3055 1020 3109 XXXVIII.

184 3135 290 3190 213.
310 3124 463 3197 Plagae
478 3131 767 3184 collaterales
784 3133 858 3186 vel
877 3136 1163 3186 intermediae

106 3197 241 3265 sunt,
269 3220 374 3274 quae
396 3205 518 3258 inter
544 3207 832 3265 Cardinales
857 3211 1158 3279 interjacent„

1266 645 1392 697 Sunt
1411 644 1493 697 vel
1507 649 1768 714 primaria,
1783 661 1891 715 quae
1917 645 2089 718 aequali
2106 651 2289 722 angulo
2307 651 2337 708 ὲ

1267 720 1461 776 duabus
1480 721 1837 777 Cardinalibus
1854 740 2071 783 remotae‚·
2095 729 2341 799 velfiecun.

1265 804 1412 854 dariae
1427 839 1443 865 ,
1462 819 1632 872 eaeque
1656 816 1737 853 aut
1755 807 1910 874 primi
1930 806 2134 865 ordinis,
2154 823 2261 875 quae
2282 827 2341 862 εε-

1265 880 1399 951 quali
1438 879 1626 950 angulo
1670 876 1698 932 a
1741 880 1994 934 Cardinali
2033 886 2081 934 δε
2117 885 2341 954 primaria

1264 957 1482 1029 quadam
1502 959 1658 1012 vicina
1681 953 1887 1015 distant5
1914 959 2338 1030 autſs’cundiordi-

1262 1043 1333 1090 nis
1351 1076 1363 1100 ,
1386 1054 1497 1109 quae
1520 1036 1693 1108 aequali
1719 1037 1904 1108 angulo
1930 1037 1956 1090 a
1974 1038 2185 1109 quadam
2205 1044 2335 1096 Car-

1262 1116 1414 1169 dinali
1443 1115 1520 1169 vel
1546 1116 1774 1188 primaria
1801 1121 1849 1170 ἃ
1882 1113 2167 1172 secundaria
2193 1120 2333 1191 primi

1263 1194 1447 1249 ordinis
1472 1209 1809 1249 removentur.

1470 1294 1579 1347 Co
1613 1307 1878 1346 RoLLA
1912 1308 2133 1348 ntum.

1334 1388 1356 1417 2
1372 1386 1441 1426 ¹4.
1457 1372 1758 1418 Collaterales
1778 1370 1896 1418 adeo
1911 1374 2131 1435 primariae
2143 1371 2337 1421 acardi--⁴

1263 1439 1445 1485 nalibus
1465 1437 1628 1485 distant
1647 1440 1817 1499 angulo
1830 1451 1891 1497 45
1914 1438 2158 1501 graduum3
2183 1440 2336 1487 secun-

1264 1505 1403 1553 dariae
1423 1505 1558 1568 primi
1574 1504 1747 1552 ordinis
1762 1504 1787 1552 a
1807 1506 2041 1554 Cardinali
2062 1514 2103 1555 &
2123 1511 2338 1570 primaria

1264 1573 1516 1619 collaterali
1530 1571 1678 1618 vicina
1691 1574 1860 1635 angulo
1878 1579 2056 1633 2203013
2073 1573 2340 1621 secundariae

1263 1638 1445 1685 secundi
1459 1639 1637 1685 ordinis
1659 1638 1924 1686 aCardinali
1939 1643 2006 1686 vel
2025 1642 2341 1701 primariacol-

1257 1708 1434 1752 laterali
1455 1711 1495 1751 &
1515 1704 1776 1752 secundaria
1800 1705 1937 1768 primi
1959 1707 2137 1771 ordinis
2161 1724 2178 1755 1
2195 1707 2337 1766 1015'·

1438 1796 1856 1847 DEFINITIO
1901 1796 2162 1848 XXXIX.

1321 1883 1429 1937 215.
1467 1873 1658 1923 Ventus
1675 1870 1743 1924 est
1761 1887 1924 1924 motus
1943 1872 2067 1925 a‘eris
2092 1871 2336 1927 senfibilis.

1258 1949 1570 2002 Dividuntut
1590 1950 1725 2002 venti
1743 1950 1789 2002 in
1820 1949 2106 2004 Cardinales
2129 1955 2178 2004 δε
2198 1956 2337 2005 colla-

1258 2031 1434 2083 terales
1455 2028 1533 2080 vel
1543 2034 1825 2100 primarios,
1843 2030 1917 2081 vel
1920 2030 2231 2100 secundarios
2236 2037 2340 2104 pri-

1259 2112 1327 2161 mi
1352 2108 1613 2175 acsecundi
1627 2111 1813 2160 ordinis
1830 2127 1924 2179 pro
1939 2106 2219 2161 diverfitate
2239 2110 2286 2180 pl
2294 2128 2339 2161 a·

1259 2203 1449 2257 garum,
1468 2202 1530 2237 ex
1557 2183 1739 2255 quibus
1765 2182 1956 2254 spirant.
1980 2187 2197 2240 Nomina
2219 2190 2338 2241 Ger-

1261 2263 1452 2317 manica
1478 2278 1742 2317 ventorum
1780 2264 1961 2335 pariter
1996 2284 2051 2319 ac
2084 2265 2338 2337 plagarum

1260 2340 1618 2394 collateralium
1652 2342 1995 2414 primariorum
2029 2362 2341 2418 componun-

1259 2437 1339 2474 tur
1365 2439 1429 2475 ex
1461 2420 1748 2474 nominibus
1782 2422 2126 2476 cardinalium
2147 2462 2162 2486 ‚
2191 2424 2257 2476 ita
2286 2436 2338 2476 ut

1260 2500 1544 2570 Septentrio
1565 2501 1616 2552 &
1636 2499 1809 2553 Auster
1827 2518 2159 2572 praeponaturs
2180 2501 2336 2554 nomi-

1260 2596 1322 2630 na
1345 2571 1746 2630 secundariorum
1772 2578 1917 2649 primi
1945 2578 2130 2632 ordinis
2156 2598 2217 2632 ex
2246 2597 2333 2631 no·

1260 2655 1476 2708 minibus
1513 2656 1792 2709 Cardinalis
1827 2659 1878 2709 &
1922 2658 2159 2727 primariae
2197 2655 2330 2725 adja-

1260 2734 1476 2787 centium
1497 2771 1511 2794 ,
1540 2734 1606 2786 ita
1632 2750 1684 2786 ut
1707 2753 1887 2788 nomen
1907 2733 2190 2789 Cardinalis
2216 2753 2330 2806 prae-

1260 2827 1506 2885 ponatur;
1546 2813 1748 2865 nomina
1784 2812 1998 2884 denique
2023 2811 2330 2868 secundario-

1262 2908 1370 2943 rum
1397 2886 1595 2944 secundi
1622 2888 1805 2944 ordinis
1822 2910 1885 2945 ex
1909 2893 2191 2946 nominibus
2211 2892 2329 2944 Car-

1261 2967 1434 3021 dinalis
1463 2968 1542 3022 vel
1570 2969 1804 3040 primariae
1829 2970 2093 3036 adjacentis
2127 2975 2176 3023 &
2211 2970 2332 3022 Car-

1274 3045 1449 3099 dinalis
1471 3047 1712 3118 proximu*
1735 3049 1912 3101 vocula
1929 3051 1999 3102 ad
2017 3047 2150 3121 (gen)
2174 3044 2336 3113 adjec-

1274 3138 1341 3177 ta.
1367 3124 1548 3178 Latinis
1574 3127 1775 3188 nomina
1800 3127 2060 3196 peculiaria
2087 3124 2204 3179 sunt:
2228 3139 2335 3194 quae

1277 3202 1442 3257 omnia
1463 3220 1525 3257 ex
1542 3204 1711 3258 tabula
1735 3201 1924 3272 adjecfta
1951 3202 2196 3262 manifesta
2213 3198 2335 3252 sunt.-

1738 3286 1774 3335 F
1818 3295 1847 3337 2
2162 3277 2338 3334 Nomi·
