2641 3687
185 155 412 232 cap.1rz
492 157 605 211 DE
684 151 1267 212 TORMENTIS
1347 149 1448 205 ET
1529 147 2048 205 MORTARIIS.
2172 153 2285 207 221·

203 288 824 341 COROLLARIUM
894 283 937 332 Ι.

108 405 210 450 105.
247 396 375 438 Dato
405 392 542 453 igitur
586 387 792 450 pondere
835 384 1012 435 Globi,
1050 387 1095 431 in

43 460 214 520 Regula
236 458 425 505 Calibrae
450 456 672 518 reperitur
696 453 918 499 diameter
939 455 1034 509 ejus
1052 455 1094 495 &

43 524 151 571 hinc
175 539 317 584 porro
356 523 580 570 diameter
622 517 824 567 cavitatis
855 515 1093 563 Tormenti

47 589 136 648 (J.
166 589 314 647 ted).

167 675 822 727 CoaotLARIUM
905 668 977 721 IL

108 774 211 817 106.
240 773 415 817 Contra
467 769 573 815 data
615 765 839 813 diametro
889 762 1093 810 cavitatis

38 836 276 885 Tormenti
320 836 544 881 invenitur
591 832 775 879 Calibra
820 829 966 874 Globi
994 828 1010 889 (
1039 833 1095 883 ,οἱ

43 902 164 959 102)
194 906 236 947 &
284 900 388 946 hinc
430 899 617 946 ulterius
662 895 848 960 pondus
879 897 974 955 ejus
1013 910 1094 956 per

36 968 257 1028 Regulam
280 966 475 1012 Calibrae
527 962 869 1010 determinatur„

275 1050 743 1099 SCHOLION
808 1046 848 1096 Ι,

107 1160 211 1204 107.
247 1146 354 1191 Non
378 1141 560 1201 absimili
579 1144 696 1188 modo
729 1142 910 1196 construi
922 1151 1096 1203 poterat

33 1210 199 1261 Tabula
242 1213 546 1256 diametrorum
566 1221 645 1270 pro
666 1206 834 1268 fingulu
872 1208 1096 1264 semunciis

33 1278 177 1326 librae:
204 1276 275 1334 sed
310 1291 402 1322 cum
443 1277 552 1320 idem
587 1272 785 1331 beneficio
822 1274 986 1319 Tabulae
1022 1289 1092 1317 an-

34 1345 208 1391 terioris
219 1341 322 1400 fieri
338 1342 479 1403 paffit,
503 1343 701 1402 quomodo
712 1339 795 1398 fiat
812 1373 825 1392 ‚
847 1343 892 1387 in
922 1339 1095 1386 Proble-

36 1422 147 1456 mate
174 1409 373 1471 sequente
409 1409 553 1453 docere
568 1405 697 1453 lubet.

272 1500 710 1552 SCHoLtoN
766 1496 837 1547 H.

104 1613 205 1656 108.
240 1609 352 1655 Solet
376 1610 505 1653 etiam
536 1608 741 1653 diameter
770 1601 899 1649 Globi
919 1618 972 1648 ex
994 1604 1096 1648 data

38 1676 244 1722 diametro
276 1675 493 1719 Tormenti
513 1685 591 1734 per
626 1670 967 1723 construc‘iionem
991 1676 1097 1716 Geo-

35 1744 253 1787 metricam
272 1741 461 1786 inveniri
477 1741 530 1786 (9⁸
547 1750 691 1785 contra
705 1771 719 1790 ‚
735 1739 778 1782 id
799 1738 907 1799 quod
922 1738 967 1782 in
989 1741 1096 1782 Pro-

39 1804 219 1853 blemate
248 1816 299 1865 36
335 1809 538 1852 docemus.

211 1892 629 1944 PRoBLEMA
672 1882 919 1936 ΧΧΧΙ-Ι,

124 1999 251 2049 109.
296 1985 523 2038 Invenire
545 1987 801 2037 diametros
836 1979 1100 2033 Glohorum

34 2079 119 2133 pro
147 2064 344 2136 singulis
372 2067 621 2130 semunciis
656 2060 780 2113 librae
806 2096 822 2120 ‚
869 2065 1098 2111 nimirum

37 2144 321 2194 diametrum
339 2138 488 2192 Globi
500 2145 640 2192 umus
655 2175 666 2197 ,
683 2139 888 2190 duarum
901 2174 916 2199 ,
930 2140 1099 2198 trium,

36 2233 238 2292 quatuor
258 2217 360 2277 &a
381 2216 745 2286 semunciarum.

303 2321 824 2373 Κεεοιυτῑα

113 2421 380 2476 Dividatur
423 2422 657 2475 diameter
688 2419 895 2472 duarum
922 2455 938 2479 ,
979 2433 1097 2488 qua-

36 2514 176 2560 tuor,
205 2497 283 2552 sex
310 2539 324 2563 ‚
364 2502 479 2553 osto
506 2502 598 2551 ἃς.
630 2497 862 2549 librarum
899 2513 987 2566 per
1019 2510 1055 2555 4
1082 2515 1092 2544 :

39 2579 153 2634 dico
180 2595 371 2650 quotos
390 2575 483 2630 effe
515 2575 778 2629 diametros
809 2573 1094 2626 Globorum

37 2659 174 2710 unius
194 2694 208 2718 ,
232 2656 442 2709 duarum
461 2691 476 2715 ,
514 2654 658 2706 trium
678 2689 694 2714 ‚
737 2667 951 2724 quatuor
997 2654 1090 2703 &a

34 2731 402 2787 semunciarum.

96 2834 144 2880 E.
165 2848 232 2894 gr.
253 2831 475 2877 diameter
496 2827 639 2876 Globi
663 2828 855 2875 duarum
874 2826 1088 2873 librarum

32 2897 93 2944 est
120 2913 137 2942 1
152 2911 266 2957 259,
288 2913 385 2958 quae
406 2910 485 2955 pet
507 2911 536 2948 4
558 2893 692 2941 divisa
713 2895 792 2941 dat
812 2892 1088 2939 diametrum

31 2963 177 3010 Globi
214 2963 347 3009 unius
390 2959 618 3006 semunciae
659 2966 801 3030 3¹42}-
871 2957 1090 3003 Similiter

30 3037 251 3087 diameter
268 3035 412 3083 Globi
431 3050 461 3094 4
482 3033 692 3080 librarum
714 3036 772 3080 est
807 3054 822 3082 ι
839 3052 854 3092 5
870 3041 925 3086 87
942 3067 956 3086 >
992 3049 1088 3093 quae

30 3103 167 3150 divisa
189 3116 268 3162 per
289 3118 320 3161 4
341 3102 420 3147 dat
439 3101 709 3149 diametrum
728 3102 872 3150 Globi
899 3099 1086 3149 duarum

29 3165 353 3218 &mundarum
379 3169 523 3235 3962}-

1403 276 2096 331 DEMONSTRATIO.

1293 362 1545 434 Quoniam
1593 361 1702 413 duae
1743 361 1878 413 librae
1917 363 2168 417 continent
2207 373 2288 426 64.

1214 437 1480 493 femuncias
1510 476 1524 498 ‚
1568 439 1657 491 erit
1691 438 1887 491 Globus
1926 441 2063 492 unius
2100 439 2283 494 semun-

1213 518 1298 570 ciae
1317 523 1374 584 32}-
1396 515 1550 569 Globi
1576 516 1781 567 duarum
1807 515 2053 568 librarum.
2098 518 2175 570 Est
2197 519 2279 589 igi-

1208 610 1287 646 tur
1325 593 1524 645 Globus
1566 593 1706 645 unius
1748 589 2003 644 semunciae
2044 592 2107 646 ad
2148 595 2275 648 Glo-

1207 672 1326 723 bum
1351 684 1379 727 2
1410 671 1644 722 librarum
1663 707 1677 731 ‚
1705 683 1758 720 ut
1782 675 1837 738 a}
1864 668 1930 719 ad
1961 685 2003 723 1.
2048 671 2274 724 Enimvea.

1207 766 1264 800 ro
1288 748 1445 799 Globi
1471 743 1576 799 sunt
1605 761 1660 798 ut
1683 744 1796 797 cubi
1822 742 2170 798 diametrorum
2189 750 2208 809 <
2222 753 2270 807 §.

1213 839 1316 892 579
1361 822 1532 877 Geom.
1569 824 1607 892 ).
1663 826 1800 893 Ergo
1846 821 2083 874 diameter
2117 824 2275 877 Globi

1209 903 1350 953 unius
1383 898 1635 953 semunciae
1659 900 1726 952 est
1752 896 1815 951 ad
1840 897 2131 951 diametrum
2158 902 2273 954 Glo-

1207 980 1257 1031 bi
1283 978 1493 1031 duarum
1514 977 1747 1029 librarum
1778 992 1830 1028 ut
1852 983 1880 1046 ἦ
1899 975 1961 1028 ad
1996 990 2011 1029 ι
2045 980 2136 1040 (35.
2165 987 2273 1042 283

1210 1056 1428 1108 Arithm.
1456 1055 1504 1123 ),
1530 1051 1607 1107 seu
1645 1054 1726 1105 illa
1763 1054 1906 1118 hujus
1941 1070 2050 1123 pars
2089 1070 2277 1123 quarta,

1150 1172 1153 1178 -
1210 1138 1377 1202 Quare
1400 1131 1431 1184 fi
1466 1132 1760 1184 diametrum
1796 1131 1954 1183 Globi
1983 1130 2189 1182 duarum
2229 1130 2280 1180 li-

1210 1212 1409 1262 brarum
1435 1208 1632 1262 dividas
1660 1227 1743 1278 per
1769 1223 1804 1269 4
1827 1231 1840 1265 ‚-
1877 1225 2062 1278 quotus
2094 1208 2160 1260 est
2181 1207 2279 1258 dia-

1210 1302 1364 1339 meter
1388 1286 1547 1340 Globi
1571 1288 1709 1338 unius
1731 1283 2000 1339 semunciae.
2038 1286 2147 1354 Jam
2166 1284 2285 1336 Clu«⁵

1211 1365 1303 1417 bus
1341 1364 1578 1424 duarum,
1604 1364 1749 1415 trium
1773 1398 1794 1419 ‚.
1826 1379 2040 1433 quatuor
2088 1365 2183 1414 &a
2223 1358 2281 1413 se-

1210 1443 1516 1494 munciarum
1545 1480 1560 1503 ,
1592 1459 1702 1493 cum
1732 1440 1785 1493 fit
1818 1439 1994 1510 duplus
2014 1476 2028 1499 ,
2069 1438 2238 1509 triplus
2262 1456 2284 1500 ,‘

1209 1519 1512 1591 quadruplus
1541 1523 1638 1571 ἃς.
1664 1518 1818 1571 Globi
1850 1517 1992 1569 unius
2022 1513 2285 1569 semunciae:

1209 1601 1341 1667 Ergo
1366 1606 1423 1668 ἓξ
1441 1597 1595 1649 Globi
1625 1610 1686 1657 4,
1715 1602 1776 1656 6,
1808 1605 1836 1653 8
1861 1597 1956 1647 &a
2008 1594 2237 1646 librarum
2269 1622 2291 1656 >¹

1211 1670 1561 1745 cousequenter
1587 1672 1825 1725 diameter
1852 1671 2010 1724 Globi
2039 1671 2242 1723 duarum
2270 1707 2287 1731 ‚

1212 1753 1363 1804 trium
1379 1790 1393 1813 ‚
1415 1766 1633 1823 quatuor
1658 1755 1754 1804 ἃς.
1774 1747 2123 1813 Γεωμηεῑᾶωιῃ
2150 1765 2290 1819 quar-

1218 1845 1266 1882 ta
1296 1846 1407 1900 pars
1442 1828 1665 1881 diametri
1706 1827 1862 1881 Globi
1899 1843 1966 1888 4)
2006 1835 2070 1888 6,
2117 1836 2145 1883 8
2189 1828 2292 1878 δερ,-

1218 1908 1446 1959 librarum
1457 1923 1543 1979 per
1566 1908 1901 1970 demonstrata.
1947 1901 2139 1971 Qlodfi
2163 1920 2286 1973 ergo

1217 1984 1512 2037 diametrum
1545 1983 1704 2036 Globi
1734 1992 1883 2046 4261,
1902 1993 1931 2040 8
1953 2019 1967 2040 2
2012 1986 2110 2034 &a
2141 1980 2287 2032 libra-

1217 2080 1324 2115 rum
1365 2059 1559 2115 dividas
1602 2079 1688 2131 per
1717 2074 1753 2121 4
1779 2098 1792 2121 ‚
1836 2059 2003 2132 prodit
2046 2057 2291 2110 diameter·

1216 2140 1374 2193 Globi
1391 2151 1445 2202 2,
1466 2154 1514 2205 3,
1536 2155 1570 2200 4
1588 2143 1683 2192 ἃς.
1700 2135 2078 2191 semunciarum..
2096 2135 2216 2204 Qe.
2236 2137 2292 2188 αἱ.

1660 2228 1843 2279 Aliter.

1225 2323 1270 2363 1⁴.
1298 2308 1372 2360 Ex
1405 2304 1596 2377 Regula
1632 2303 1853 2357 Calibrae
1883 2301 2198 2357 transferatur
2234 2301 2381 2380 inTab
2399 2341 2442 2384 V

1331 2385 1513 2437 restam
1540 2382 1628 2436 AB
1658 2381 1900 2434 diameter
1949 2380 2106 2434 Globi
2139 2379 2280 2433 ferrei
2291 2370 2466 2463 5341*

1339 2474 1405 2526 32
1444 2460 1675 2512 librarum
1704 2497 1721 2522 ,
1759 2476 1926 2530 eoque
1978 2455 2276 2512 describatur

1333 2556 1473 2591 arcus
1493 2538 1611 2592 Bc,

1216 2629 1267 2674 2.
1287 2620 1341 2670 In
1364 2617 1494 2668 hunc
1511 2632 1677 2667 arcum
1705 2631 1766 2666 ex
1792 2618 1827 2667 B
1862 2612 1909 2667 in
1942 2615 1993 2667 D
2027 2612 2282 2667 transfera-

1327 2711 1407 2747 tur
1432 2693 1670 2747 diameter
1699 2691 1855 2745 Globi
1882 2689 2129 2764 plumbei,
2155 2710 2212 2744 ex
2242 2693 2280 2742 Β

1328 2774 1378 2825 in
1403 2775 1441 2825 E
1481 2771 1718 2825 diameter
1750 2770 1908 2823 Globi
1941 2769 2116 2828 ferrei,
2159 2787 2217 2821 ex
2241 2770 2278 2817 Β

1329 2850 1544 2921 denique
1578 2850 1625 2900 in
1655 2849 1704 2900 C
1731 2846 1972 2901 diameter
2005 2846 2161 2899 Globi
2206 2845 2282 2896 la-

1329 2927 1459 3000 pidei
1491 2928 1627 2979 unius
1653 2925 1800 2978 librae.

1216 3020 1264 3071 3.
1290 3008 1364 3059 Ex
1390 3006 1573 3074 puncto
1609 3005 1657 3056 A
1693 3005 1938 3058 ducantur
1972 3002 2112 3055 rectae
2146 2999 2286 3059 Am

1328 3083 1448 3145 ΑΕ,
1482 3083 1596 3135 AC.

1212 3175 1266 3223 4.
1297 3159 1489 3238 Qodfi
1512 3161 1609 3232 jam
1626 3157 1892 3212 intervallo
1910 3154 2133 3213 diametri
2158 3150 2292 3205 Clo,-

1652 3240 1691 3292 E
1717 3254 1748 3289 e
1788 3252 1828 3304 3,,
2224 3227 2288 3281 bi«
