2610 3687
226 110 311 212 '38
443 148 891 208 ELEMENTA
932 127 1484 213 GEooRAPHrAE
1526 158 1622 213 ET
1664 154 2350 215 HYDROGRAPHIAE.

513 276 1036 338 REsoLUTIQ

38 376 222 496 {jhu
248 385 291 427 Ι.
318 372 600 429 Inveniatur
625 378 768 432 locus
785 380 996 435 Telluris
1017 384 1050 436 S
1070 419 1084 437 ,
1107 378 1185 433 cui
1204 395 1309 434 tum

80 461 221 510 lg.20·

387 454 476 506 Sol
506 457 748 510 verticalis
772 459 935 512 existit
961 462 1043 522 (§.
1069 473 1169 527 173
1188 459 1225 528 >

238 538 289 584 2.
332 533 587 599 Qoniam
624 536 712 589 Sol
746 534 980 590 occidens
1021 535 1049 589 a
1092 535 1304 598 Zenitb‚

386 612 614 665 Horizon
668 633 789 667 vero
839 616 1088 672 rationalis
1135 616 1238 667 HR
1277 611 1306 666 εὶ

381 685 568 760 puncto
598 693 632 744 S
664 692 988 764 undiquaque
1011 692 1303 764 quadrantis

382 767 646 821 intervallo
672 771 814 823 distat
837 770 857 841 (
882 776 925 830 §.
944 781 1010 828 62
1043 772 1231 840 Astron·
1262 770 1300 839 >3

379 845 597 899 transibit
615 849 650 899 is
676 868 761 919 per
788 849 964 902 Zenith
984 850 1205 900 omnium
1234 849 1303 901 lo-

377 941 549 976 corum
570 964 583 986 ‚
617 927 701 978 ubi
733 927 820 979 801
846 927 1003 979 oritur
1041 926 1120 978 vel
1172 928 1303 988 occi-

376 999 478 1057 dit,
510 1002 739 1074 adeoque
765 1003 796 1056 fi
815 1004 1139 1076 Longitudini
1166 1006 1213 1057 A
1232 1006 1300 1057 lo-

373 1081 417 1131 ci
456 1081 557 1133 dati
596 1085 629 1136 8
675 1080 831 1134 addas
866 1083 1195 1153 quadrantem
1219 1090 1294 1138 AE-

369 1160 593 1227 quatoris
620 1161 663 1213 A
686 1165 759 1222 O,
790 1162 1011 1232 prodibit
1052 1163 1189 1214 locus
1210 1159 1296 1214 sub

368 1241 648 1308 AEquatore
697 1243 744 1292 O
782 1277 799 1302 ,
853 1241 940 1293 ubi
989 1241 1077 1295 801
1119 1241 1303 1294 occidit

359 1317 379 1383 (
409 1322 454 1377 §·
489 1325 555 1384 56
580 1316 618 1386 >-

217 1407 268 1458 3.
313 1392 550 1447 Addatur
591 1394 750 1448 eidem
785 1395 1111 1468 Longitudini
1139 1400 1185 1452 A
1217 1416 1294 1451 ar-

365 1489 451 1524 cus
491 1473 782 1545 quicunque
809 1473 1091 1546 quadrante
1132 1477 1296 1530 minor

364 1551 436 1604 ΑΙ
463 1552 771 1621 ςὴειὺεὴίωτ
796 1553 1086 1626 Longirudo
1113 1554 1210 1609 loci
1242 1560 1294 1610 D

361 1625 449 1682 sub
481 1630 765 1684 Meridiano
792 1634 883 1686 PD
901 1671 916 1695 ,
936 1632 1020 1684 ubi
1049 1634 1133 1686 Sol
1165 1635 1292 1687 occi-

363 1705 441 1760 dit
471 1713 677 1775 (§.cit.).
732 1711 905 1782 Qare
935 1729 1046 1764 cum
1076 1713 1291 1784 triangu-

367 1785 468 1838 lum
507 1789 655 1840 DIO
703 1786 758 1841 fit
798 1790 1136 1860 rediangulum
1181 1792 1295 1846 adI

360 1864 443 1933 (§·
468 1874 541 1933 76
556 1867 790 1937 Astron.)
811 1872 859 1922 δε
888 1867 1098 1940 angulus
1123 1874 1170 1923 O
1195 1871 1292 1924 ele-

209 2003 1360 2025 ae—————-—-—-*———————

1582 284 1772 338 vationi
1817 288 2099 356 AEquatoris
2146 288 2192 341 A
2210 291 2256 340 H
2299 286 2349 340 in
2393 286 2512 342 loco

1579 362 1702 416 dato
1722 365 1754 416 S
1771 361 1792 431 ζ
1812 370 1857 424 §.
1890 378 1996 419 100
2014 365 2238 434 Astron.)
2258 401 2273 426 ,
2298 364 2396 418 hoc
2421 368 2509 431 est,

1578 441 1953 512 complemento
1990 443 2336 501 declinationis
2378 444 2511 498 Solis

1572 518 1668 571 AS
1686 522 1767 587 (ς.
1805 524 1950 586 172)
1975 521 2205 591 aequaliS‚
2232 521 2302 572 ob
2335 517 2508 576 datum

1568 596 1696 650 latus
1737 599 1874 660 01,
1919 598 2313 670 Longitudinum
2365 600 2505 652 loco-

1569 691 1678 726 rum
1706 677 1756 727 D
1783 679 1832 727 &
1859 679 1907 726 O
1943 675 2270 730 differentiam
2311 698 2322 728 ε
2359 695 2499 747 repe-

1567 753 1718 804 rietur
1753 752 1993 805 Latitudo
2026 755 2113 808 DI
2149 751 2368 822 ejusdem
2394 755 2495 809 loci

1567 832 1617 882 D
1637 835 1655 890 (
1672 835 1718 889 §.
1758 841 1857 888 116
1887 832 2162 904 Sphaeric.).

1416 922 1467 969 4.
1495 908 1544 962 81
1586 907 1917 961 Latitudinem
1945 910 2041 962 loci
2086 912 2181 964 SA
2206 948 2221 972 ,
2273 909 2360 962 ubi
2404 910 2490 963 801

1567 987 1811 1038 verticalis
1831 1025 1844 1048 ,
1873 987 1969 1040 hoc
1990 990 2077 1050 est,
2104 988 2490 1042 declinationem

1564 1064 1694 1120 Solis
1722 1062 1972 1118 subtrahas
1990 1086 2052 1119 ex
2079 1063 2358 1137 quadrante
2383 1068 2488 1130 SH,

1565 1144 1869 1215 relinquetur
1898 1144 2136 1197 Latitudo
2163 1147 2259 1200 ΑΗ
2289 1145 2361 1197 vel
2391 1148 2488 1216 QR

1563 1221 1790 1274 locorum
1817 1226 1866 1275 H
1894 1227 1941 1275 &
1968 1224 2011 1276 R
2050 1222 2137 1276 sub
2162 1220 2342 1275 eodem
2374 1227 2487 1276 Me-

1565 1301 1761 1353 ridiano
1797 1319 1909 1354 cum
1934 1300 2053 1356 loco
2082 1304 2115 1355 8
2135 1299 2369 1366 litorum,
2398 1303 2484 1356 ubi

1565 1379 1654 1432 Sol
1691 1378 1890 1432 occidit.

1413 1478 1619 1531 Inventa
1676 1478 1804 1531 adeo
1851 1476 1957 1532 sunt
2002 1478 2117 1531 loca
2160 1492 2492 1550 quotcunque

1412 1556 1621 1609 Telluris
1647 1561 1695 1610 O
1714 1595 1731 1620 ,
1760 1559 1840 1619 D,
1867 1560 1934 1620 E,
1955 1559 1995 1611 R
2017 1595 2029 1618 ‚
2065 1561 2162 1610 &a
2191 1558 2275 1609 ubi
2298 1557 2385 1611 Sol
2407 1574 2490 1609 oc-

1412 1635 1560 1687 cidit:
1582 1638 1632 1688 &
1649 1634 1826 1689 eadem
1846 1637 2036 1688 ratione
2057 1634 2364 1705 reperiuntur
2380 1636 2491 1688 loca

1411 1728 1741 1787 quotcunque
1769 1714 1979 1767 Telluris
2011 1715 2059 1765 in
2098 1713 2257 1765 altero
2301 1710 2490 1766 Hemis-

1409 1792 1614 1862 phaerio,
1642 1792 1727 1845 ubi
1749 1792 1836 1846 Sol
1855 1792 2011 1844 oritur
2027 1829 2040 1853 ‚
2067 1791 2488 1860 Longitudinibus

1403 1888 1582 1942 nempe
1611 1889 1699 1940 per
1719 1867 2101 1924 subtraffionem
2122 1869 2482 1924 determinatis.

1367 2013 2108 2029 -———.—*-
2121 2011 2483 2027 —-———

516 2252 518 2254 ’
623 2253 733 2321 De
779 2251 1065 2321 Antoecis
1104 2302 1121 2328 ‚
1183 2253 1471 2322 Perioecis
1534 2246 1609 2334 (ὅ
1662 2247 2101 2346 Antipodibns.

363 2401 818 2457 DEFINITIO
861 2407 1138 2460 XXXIII.

218 2537 344 2599 176.
547 2527 716 2586 Ntoeci
758 2530 866 2587 sunt
915 2533 1098 2588 Incolae
1126 2571 1142 2596 ‚
1203 2535 1288 2607 qui

560 2611 767 2665 eandem
811 2611 1198 2684 Longitudinem
1237 2617 1287 2667 δε

209 2685 542 2742 Latitudinem
563 2729 580 2754 ,
627 2690 706 2744 sed
743 2690 922 2745 diverfi
953 2691 1163 2745 nominis
1206 2692 1288 2746 ha-

209 2762 347 2818 bent.

405 2867 1066 2924 CoRoLLARIUM.

281 3007 384 3044 177.
430 2995 539 3042 Sunt
581 2995 698 3042 adeo
737 2999 914 3042 Antoeci
962 2995 1040 3043 sub
1080 2995 1282 3054 eiusdem

207 3058 445 3105 Meridiani
468 3059 752 3109 semicirculo
780 3062 940 3123 (552)
964 3069 1006 3108 &
1029 3063 1130 3110 binc
1151 3061 1280 3110 simul

207 3125 447 3171 meridiem
478 3127 678 3182 habent,
710 3128 939 3192 horasque
961 3129 1052 3178 diei
1081 3131 1280 3194 reliquas

205 3189 389 3239 easdem
424 3192 504 3252 (5.
523 3198 621 3258 23).

1563 2407 1996 2459 DEF1N1T10
2054 2388 2424 2458 XXXIV(v

1489 2511 1610 2568 178.
1659 2501 1854 2555 Perioeci
1874 2498 1979 2554 sunt
2008 2499 2188 2554 lncolae
2208 2538 2221 2560 ,
2253 2499 2338 2570 qui
2362 2518 2480 2554 ean-

1401 2577 1517 2634 dem
1557 2585 1606 2634 &
1632 2581 1985 2651 cognominem
2010 2576 2377 2642 Latitudinem,
2399 2577 2478 2633 sed

1398 2658 1759 2730 Longitudines
1789 2657 2036 2729 oppofitas
2061 2657 2263 2710 habent.

1616 2760 2274 2813 CoRoLLARIUM.

1468 2866 1572 2904 179.
1606 2854 1717 2896 Sunt
1735 2849 1853 2897 adeo
1877 2852 2062 2900 Perioeci
2088 2856 2135 2900 in
2158 2853 2357 2912 ejusdem
2378 2856 2475 2900 Me-

1396 2916 1557 2964 ridiani
1575 2916 1756 2963 diversis
1781 2916 2074 2966 semicirculis
2101 2921 2279 2982 (§.52),
2307 2927 2348 2966 &
2371 2920 2473 2968 hinc

1395 2998 1489 3029 uno
1516 2984 1561 3028 in
1584 2986 1690 3029 loco
1714 2984 1866 3030 media
1890 3001 1983 3031 nox
2009 2987 2094 3038 est,
2124 2988 2234 3034 dum
2255 2991 2302 3035 in
2325 2990 2473 3035 altero

1395 3050 1609 3096 meridies
1637 3049 1798 3096 existit.

1559 3123 1806 3175 DEFIN
1837 3139 2010 3179 ITlo
2072 3130 2311 3182 XXXV.

1482 3209 1603 3257 180.
1646 3201 1911 3271 Antipodes
1943 3200 2048 3256 sunt
2076 3207 2260 3260 Incolae
2284 3205 2468 3261 diame-

1393 3277 1579 3333 traliter
1592 3276 1678 3332 fibi
1704 3295 1879 3336 mutuo
1904 3281 2134 3356 oppofiti.
2366 3285 2468 3340 Co-
