2610 3687
23 2210 208 2343 {egb-21¹1·
225 2278 461 2344 (§.177)
481 2311 496 2335 ,
523 2272 753 2340 adeoque
789 2273 1032 2339 AEquator
1057 2267 1189 2337 ΑΩ
1210 2282 1297 2335 per

223 165 302 214 40
405 138 854 199 ELEMENTA
893 134 1448 195 GEOGRAPHIAE
1487 138 1588 196 ET
1626 133 2314 201 HYDROGRAPHIAE,

217 278 504 349 longiffimus
529 308 546 336 ‚
577 276 630 326 in
655 272 808 325 altero
835 269 1125 340 brevtffimus
1148 268 1213 338 est
1237 263 1297 327 ὠ

213 374 399 410 comra-

415 432 1088 484 DEMONSTRATIO.

293 526 500 582 Antoeci
539 528 588 578 ὃς
633 522 912 595 Antipodes
945 521 1097 575 Polos
1126 520 1289 576 diver·-

210 604 286 660 sos
318 605 570 677 aequaliter
596 602 819 655 elevatos
845 600 1029 653 habent
1055 604 1283 667 (§.187)‚

209 685 443 756 adeoque
485 683 532 734 in
580 680 702 732 locis
756 679 1004 750 Eclipticae
1049 677 1287 750 oppofitis
1331 689 1333 691 ’

206 781 320 816 cum
362 761 546 816 eaedem
570 758 654 811 fint
691 757 1045 811 declinationes
1093 762 1282 820 (§.198

204 838 475 907 Αβνοηζ),
512 838 696 890 eaedem
728 836 1033 906 reperiuntur
1058 832 1286 886 differen-

204 921 282 972 tiae
305 915 654 971 ascentionales
683 919 869 977 (§.2o6
899 914 1142 981 Astron.)‚
1167 929 1284 963 con-

204 994 465 1069 sequenter
486 993 591 1046 dies
611 1010 666 1045 ac
693 994 860 1045 noestes
878 987 1111 1061 oppofitae
1129 1006 1287 1060 aequa-

207 1076 274 1128 les
311 1072 421 1128 sunt
460 1075 665 1143 (§.213
689 1071 916 1139 Astron.)
970 1072 1018 1121 ἃ
1046 1067 1159 1120 hinc
1186 1084 1287 1119 uno
1334 1077 1336 1079 “

211 1156 262 1207 in
281 1154 398 1206 loco
426 1149 526 1203 dies
555 1150 641 1201 bre
657 1146 858 1201 eiffimus
877 1183 892 1208 ,
912 1143 1118 1217 quando
1143 1145 1193 1198 in
1218 1144 1287 1198 al-

212 1247 323 1286 tero
350 1227 650 1302 longiffimus
676 1226 852 1279 existit.
885 1224 946 1291 Q.
965 1246 1003 1278 e.
1020 1226 1067 1277 d.

387 1329 1007 1381 COROLLARIUM
1076 1320 1118 1374 Ι.

296 1424 399 1465 190.
422 1403 577 1454 Unius
597 1400 716 1447 adeo
738 1398 837 1447 dies
859 1396 958 1447 sun-t
974 1397 1162 1446 alterius
1179 1412 1291 1446 *noc-

220 1474 341 1522 tibus
372 1472 587 1533 aequa-les.

369 1558 983 1610 CORoLLARIUM
1060 1548 1142 1600 IL

289 1649 396 1692 ¹91·
441 1636 562 1678 Cum
587 1629 691 1676 dies
713 1631 759 1675 in
787 1643 883 1674 uno
910 1628 1022 1673 loco
1049 1622 1255 1673 crescunt
1275 1654 1290 1674 ,

216 1704 264 1750 in
284 1704 431 1749 altero
460 1695 738 1746 decrescunt.

401 1789 829 1838 THEOREMA
897 1777 1111 1832 XXXL

298 1879 355 1929 19
365 1877 411 1922 2.
433 1865 646 1916 Antoecbs
659 1867 711 1914 in
725 1857 1045 1930 AEquinoffio
1061 1854 1299 1922 Solstmul

217 1948 374 1997 oritur
423 1942 481 2002 ὠ·
515 1945 725 2002 occidit,
755 1938 848 2009 βτί
881 1939 1060 2008 reliquo
1094 1949 1295 2005 tempore

216 2027 305 2076 uni
332 2027 475 2075 citius
491 2057 508 2082 ‚
536 2022 684 2073 alteri
711 2018 918 2070 tardius.

423 2119 1095 2171 DEMONSTRATIO.

303 2195 508 2248 Antoeci
540 2191 627 2246 sub
665 2187 850 2245 eodem
893 2189 1177 2242 Meridiano
1226 2183 1296 2239 fiti

221 2353 517 2407 Horizontis
553 2344 800 2418 utriusque
838 2346 938 2399 HR
977 2349 1028 2398 δε
1059 2345 1118 2397 hr
1150 2344 1294 2396 inter-

217 2429 480 2485 senionem
508 2431 556 2481 O
581 2425 747 2479 tranfit
773 2420 1177 2495 (§.87Astron.>.
1194 2419 1293 2474 Sed

216 2526 444 2580 tempore
473 2504 772 2577 AEquinocstii
807 2502 894 2558 Sol
934 2501 983 2554 in
1018 2504 1295 2572 AEquatore

216 2588 368 2640 haeret
401 2583 632 2651 (§.132).
687 2587 827 2653 Ergo
857 2595 964 2634 tum
1002 2577 1091 2633 Sol
1119 2578 1296 2630 Antoe-

218 2666 285 2719 cis
323 2664 456 2718 fimul
495 2663 648 2716 oritur
674 2664 724 2716 δε
762 2658 963 2713 occidit.
1028 2655 1171 2722 Quod
1189 2670 1294 2709 erat

220 2764 397 2873 umgeqd
435 2819 554 2872 dum
590 2816 678 2871 Sol
707 2811 922 2869 versatur
946 2812 994 2864 in
1022 2809 1164 2882 signis
1201 2812 1295 2862 Bo-

221 2898 436 2956 realibus
456 2936 472 2960 ‚
504 2896 644 2949 citius
674 2894 739 2947 ad
776 2891 1108 2946 Horizontem
1147 2889 1252 2941 HR
1275 2926 1292 2950 ,

220 2995 374 3052 quam
408 2975 620 3028 alterum
645 2975 703 3025 hr
737 2969 987 3043 pervenit‚·
1017 2979 1193 3019 contra
1215 2981 1295 3017 ve-

221 3074 283 3112 ro
317 3057 362 3108 in
398 3050 706 3106 Australibus
737 3049 880 3102 citius
907 3045 971 3099 ad
1013 3045 1102 3104 br,
1142 3059 1294 3113 quam

219 3134 315 3190 HR
342 3155 354 3186 ε
399 3131 632 3202 adeoque
658 3128 739 3183 uni
773 3128 890 3180 loco
929 3123 1071 3177 citius
1102 3121 1291 3185 oritur,

218 3229 374 3289 quam
401 3209 561 3266 alteri.
590 3208 735 3281 Qod
751 3222 856 3263 erat
873 3207 1101 3259 alterum.

1585 268 1955 322 THEOREM
1980 281 2014 319 A
2079 268 2320 322 XXXII.

1499 358 1622 411 193.
1661 343 1773 416 Qae
1787 347 1937 414 stella
1962 346 2073 397 dato
2103 349 2199 399 loco
2239 365 2486 419 nunquam
2563 390 2568 393 »

1405 426 1654 485 occidunt,
1688 421 1899 475 Antoecis
1932 421 1991 482 ὠ
2017 423 2346 494 Antipodibus
2374 429 2489 498 ejufi

1405 504 1510 556 dem
1542 521 1790 573 nunquam
1811 506 2036 554 oriuntur
2061 500 2121 560 ά
2141 518 2328 556 contra.

1609 599 2275 652 DEMONSTRATJO.

1487 677 1769 748 Antipodes
1801 675 2015 729 eundem
2043 677 2375 729 Horizontem
2399 675 2480 731 ha.

1406 754 1528 807 bent
1562 753 1801 822 (§.184):
1836 771 1959 824 ergo
1982 770 2091 823 quae
2122 754 2202 806 uni
2226 772 2481 826 nunquam

1402 832 1642 886 occidunt
1666 833 1811 886 stellae
1829 870 1843 893 ‚
1871 832 2008 884 alteri
2033 848 2286 902 nunquam
2315 834 2482 886 oriun-

1406 926 1485 964 tur
1509 914 1657 977 (§.19
1684 909 1930 980 Astron.).
1958 909 2097 977 Qoa'
2109 928 2214 962 erat
2236 931 2402 963 unum.

1487 993 1645 1043 Porro
1694 987 1785 1041 fint
1825 989 1884 1040 hr
1935 991 1985 1040 &
2022 990 2070 1040 Η
2087 989 2124 1041 R
2175 988 2480 1042 Horizontes
2494 1015 2585 1062 Τὼ
2606 1026 2607 1029 ¹

1405 1069 1759 1122 Antoecorum.
1804 1065 2058 1137 Qoniam
2086 1064 2157 1117 zh
2178 1069 2227 1118 &
2252 1067 2340 1118 ΑΡ
2362 1084 2478 1138 qua·
2492 1083 2582 1146 fig,

1404 1147 1604 1200 drances
1641 1142 1749 1197 sunt
1783 1146 2047 1214 (§.62.49
2065 1142 2302 1214 Astrom.)
2326 1168 2344 1204 ,-
2389 1146 2482 1199 erit

1407 1226 1492 1278 zA
1522 1246 1598 1269 =
1623 1223 1694 1275 hP
1720 1221 1822 1291 (83
1853 1221 2077 1274 Arithm.
2099 1221 2139 1291 ).
2183 1222 2283 1274 Sed
2300 1223 2482 1276 zA:

1408 1304 1494 1356 ΑΖ
1523 1306 1604 1367 (§.
1639 1300 1999 1369 176)=PR
2034 1297 2129 1368 (§-
2157 1300 2312 1366 54).·
2355 1319 2483 1373 ergo

1406 1382 1478 1434 hp
1495 1403 1574 1425 z:
1589 1380 1670 1433 PR
1696 1377 1850 1448 (§.87
1870 1376 2135 1447 Arithm.).
2180 1378 2306 1446 Quae
2333 1379 2483 1450 igitur

1409 1457 1670 1512 intervallo
1713 1459 1801 1512 PR
1849 1458 1975 1509 circa
2015 1456 2192 1508 Polum
2236 1457 2273 1507 P
2319 1456 2482 1510 revol-

1411 1552 1592 1590 vuntur
1631 1534 1777 1589 st-ellae
1797 1572 1812 1597 ‚
1848 1534 2083 1606 adeoque
2115 1533 2160 1586 in
2201 1534 2481 1589 Horizonte

1410 1617 1515 1669 HR
1554 1633 1657 1668 non
1692 1609 1928 1665 occidunt
1950 1651 1965 1674 ,
2015 1609 2203 1666 eaedem
2241 1612 2290 1665 in
2327 1612 2478 1666 Hori-

1411 1709 1558 1747 zonte
1587 1692 1647 1746 br
1675 1709 1777 1744 non
1808 1691 2034 1744 oriuntur
2060 1697 2084 1756 (
2090 1697 2211 1753 §.19
2236 1689 2477 1760 Astron.)-

1413 1771 1603 1828 Eodem
1629 1767 1822 1842 prorsus
1848 1767 2006 1822 modo
2041 1767 2344 1829 ostenditur,
2371 1769 2480 1823 stel-

1411 1851 1480 1904 las
1506 1888 1521 1913 ,
1561 1867 1669 1922 quae
1706 1847 1966 1903 intervallo
1985 1865 2050 1922 pr
2089 1848 2220 1900 circa
2254 1846 2428 1900 Polum
2447 1865 2482 1921 p

1404 1929 1758 1989 revolvuntur,
1784 1926 2019 1999 adeoque
2042 1925 2088 1977 in
2118 1927 2400 1979 Horizonte
2425 1926 2484 1980 br

1412 2026 1515 2061 non
1550 2004 1790 2060 occidunt
1812 2043 1828 2068 ‚
1869 2006 1916 2058 in
1948 2004 2227 2059 Horizonte
2262 2004 2485 2057 HR'non

1411 2086 1544 2140 oriti.
1596 2085 1734 2155 Qud
1754 2100 1859 2138 erat
1887 2087 2113 2137 alte-rum.

1571 2166 1670 2217 ΤΗ
1699 2177 1881 2215 EORE
1906 2180 1943 2215 M
1971 2177 2003 2213 A
2046 2161 2322 2215 XXXIII.

1482 2256 1604 2303 194.
1627 2240 1682 2294 Si
1698 2240 1892 2294 Antoeci
1905 2241 2091 2312 faciem
2113 2240 2204 2309 fibi
2225 2255 2390 2294 mutuo
2416 2238 2491 2292 eb-

1411 2324 1724 2380 vertant,vel
1736 2317 2002 2390 Antipodes
2015 2321 2213 2371 eandem
2226 2320 2294 2371 ad
2298 2313 2495 2389 AEqua-

1412 2406 1526 2453 tom
1568 2401 1694 2451 idem
1711 2401 1946 2467 punilum
1982 2411 2269 2451 convertant
2295 2416 2309 2453 5
2331 2398 2492 2467 fidera

1413 2484 1501 2533 uni
1525 2482 1750 2530 oriuntur
1763 2473 1794 2528 ἆ
1815 2477 1987 2529 dextra
2007 2515 2021 2539 ‚
2037 2477 2183 2529 alteri
2200 2475 2451 2548 dfinssra.

1611 2575 2273 2627 DEMONSTRATIQ

1493 2651 1600 2704 Sint
1624 2651 1760 2705 enIm
1791 2650 1994 2704 Antoeci
2020 2651 2068 2703 in
2093 2653 2130 2703 Z
2158 2652 2210 2703 &
2239 2670 2275 2702 z
2306 2645 2610 2728 consti-Tab3

1410 2730 1504 2784 tuti
1543 2727 1629 2782 sub
1664 2725 1847 2783 eodem
1889 2726 2176 2782 Meridiano
2216 2726 2299 2796 (§.
2325 2725 2479 2794 177).
2498 2716 2596 2809 figJ

1411 2805 1607 2877 Qodfi
1630 2825 1753 2879 ergo
1791 2806 1876 2860 fibi
1902 2822 2078 2860 mutuo
2104 2805 2276 2859 faciem
2305 2806 2486 2858 obver-

1410 2902 1516 2939 tant
1546 2923 1562 2948 ,
1609 2885 1788 2940 dextra
1812 2886 1951 2939 unius
1990 2886 2038 2938 in
2068 2908 2102 2938 z
2139 2887 2188 2937 δε
2218 2882 2392 2935 finistra
2419 2881 2486 2936 al-

1411 2963 1559 3017 terius
1599 2962 1646 3016 in
1683 2967 1723 3018 Z
1769 2979 2087 3035 opponentur
2122 2959 2486 3016 Horizontibus

1412 3043 1582 3094 ortivis
1607 3043 1664 3094 br
1699 3046 1749 3096 &
1780 3044 1873 3096 HR
1908 3046 2060 3107 (§.60
2086 3035 2330 3110 Astron.).
2360 3041 2487 3111 Qae

1411 3120 1558 3192 igitur
1589 3119 1669 3172 uni
1696 3120 1743 3172 in
1770 3124 1808 3174 Z
1838 3118 1866 3173 a
1903 3119 2083 3173 finistra
2113 3119 2336 3172 oriuntur
2369 3116 2485 3171 fide-

1409 3216 1493 3263 ra,
1543 3216 1602 3253 ea
1632 3196 1772 3252 alteri
1820 3198 1869 3253 in
1910 3220 1946 3252 z
1982 3197 2012 3253 a
2037 3196 2213 3253 dextra
2257 3198 2484 3253 oriuntur

2340 3277 2488 3339 (§.19
