2641 3687
99 605 153 658 3.
181 593 387 648 Planum
426 590 677 646 dividatur
711 589 760 643 in
798 606 971 651 areas,
1014 588 1081 643 ita
1119 607 1175 644 ut

118 144 255 239 Cap.
283 144 464 206 V.DE
499 145 1047 215 PAVIMENTIS‚
1089 145 1701 221 LAQUEARIBUS
1741 152 1841 212 ET
1880 157 2230 216 FORNICIB.
2277 167 2382 234 363

150 262 426 334 ‘'*rietibus
465 276 742 352 oppositis,
802 276 867 329 ita
912 292 1079 330 tamen
1125 294 1180 332 ut

219 353 405 420 solid0,
430 375 530 410 non
557 355 798 428 aperturis
824 355 1129 408 incumbant.

104 445 155 492 2.
183 435 432 491 Trabibus
452 436 603 489 clavis
631 431 887 507 affigantur
907 431 1078 488 afferes
1094 433 1178 488 de-

221 510 400 568 dolati.

213 671 380 726 media
406 672 591 724 habeat
615 671 767 722 latera
793 668 1027 721 lateribus
1054 686 1172 723 con-

211 749 363 804 clavis
401 747 633 822 parallela
679 751 732 801 &
773 746 821 800 in
865 745 1043 799 eadem
1092 765 1169 800 ra-

209 827 380 890 tione,
414 829 464 882 in
504 846 604 900 qua
637 825 723 879 ista
746 825 973 878 existunt.
1015 825 1170 879 Nem-

209 923 273 978 pe
306 906 338 960 fi
378 907 618 960 conclave
653 902 798 958 fuerit
829 901 1128 974 quadratum
1148 942 1166 966 ,

204 1000 320 1039 area
343 1002 550 1057 quoque
588 981 753 1038 media
782 977 1029 1055 quadrata
1061 980 1166 1035 fieri

203 1061 398 1123 debet5
442 1061 475 1115 fi
509 1060 630 1116 illud
679 1059 955 1132 oblongum
988 1097 1002 1121 ‚
1060 1059 1165 1113 haec

202 1158 411 1213 quoque
455 1141 682 1212 oblonga
717 1137 821 1193 fieri
870 1136 1040 1191 debet.
1107 1141 1163 1193 In

204 1220 356 1290 priori
387 1234 553 1272 tamen
589 1216 699 1271 casu
733 1215 982 1288 quadrato
1011 1217 1159 1271 etiam

201 1297 432 1352 Circulus
447 1335 462 1359 ‚
489 1298 536 1349 in
562 1295 820 1369 posteriori
844 1293 1031 1366 Elliplis
1055 1293 1161 1349 sub-

202 1376 331 1430 stitui
372 1376 547 1446 potest.

83 1463 143 1515 4.
169 1455 309 1509 Areae
348 1454 570 1507 laterales
610 1472 712 1508 non
753 1449 914 1506 modo
943 1453 1157 1524 aequales

202 1535 255 1587 &
303 1531 475 1586 similes
520 1527 612 1585 effe
640 1533 825 1587 debent
862 1535 883 1598 (
913 1540 958 1595 §.
1002 1547 1062 1598 31
1088 1531 1150 1601 );

200 1629 376 1667 verum
396 1609 542 1664 etiam
569 1610 717 1666 latera
746 1611 1012 1663 earundem
1040 1629 1153 1663 con-

201 1691 374 1744 venire
411 1688 601 1744 debent
645 1689 882 1743 lateribus
925 1688 1149 1743 interme-

201 1768 325 1831 diae,
366 1787 408 1822 e.
451 1786 526 1840 gr.
570 1766 602 1820 fi
653 1768 806 1822 latera
851 1768 1150 1821 intermediae

198 1845 380 1901 fuerint
405 1864 631 1901 convexa
648 1884 663 1909 ,
690 1847 841 1900 latera
876 1846 1147 1900 lateralium

199 1924 255 1978 iis
280 1923 508 1998 opposita
526 1943 747 1980 concava
768 1922 862 1979 effe
886 1925 1074 1979 debent
1097 1929 1148 1980 &

196 2019 369 2057 contra
396 2007 496 2058 &c.

0 2086 1 2117 ἓ
78 2093 127 2151 5.
155 2081 380 2136 Tandem
415 2081 499 2136 ubi
535 2080 737 2154 laquear
775 2080 1041 2154 parietibus
1075 2081 1145 2136 in-

0 2143 3 2238 l

200 2159 390 2214 cumbit
415 2198 429 2223 ,
451 2161 705 2215 Coronice
727 2175 943 2214 ornetur.

290 2261 710 2315 PROBLEMA
775 2264 930 2318 XIX.

155 2379 289 2442 467,
333 2369 569 2442 Laquear
603 2388 663 2423 ex
684 2369 816 2446 gyfso
830 2379 1064 2448 perficere.

363 2481 840 2538 RESOLUTIQ

5 2578 8 2586 ’
87 2595 132 2636 1.
154 2580 402 2635 Trabibus
424 2566 1073 2658 affiganturtignacontigua
1093 2593 1144 2643 δε

6 2699 7 2702 ,
78 2670 134 2718 2.
161 2660 331 2731 Tignis
361 2660 622 2713 arundines
645 2664 891 2716 mediante
931 2663 1019 2720 filo
1044 2666 1142 2723 fer-

192 2756 280 2792 reo
306 2738 656 2792 connectendae
674 2778 690 2802 ,
718 2759 779 2795 ne
796 2741 824 2794 ἐ
848 2741 934 2798 fitu
960 2741 1048 2800 suo
1066 2746 1142 2800 di-

194 2817 386 2883 moveri
405 2815 595 2887 poffint.

10 2955 15 2974 ,‚
79 2906 132 2962 3,
158 2892 355 2964 Gypsus
374 2894 697 2950 inducatur&
718 2895 892 2953 divisio
917 2918 1143 2956 arearum

197 2972 282 3027 fiat
310 2989 362 3028 ut
385 2990 497 3028 ante
518 2977 538 3046 (
556 2979 601 3034 §.
623 2983 731 3036 466
746 2977 784 3047 ).

519 3054 702 3109 Aliter.

13 3128 18 3142 '
88 3143 135 3188 ι.
165 3128 298 3183 Intra
319 3131 483 3186 trabes
504 3129 719 3206 figantur
742 3134 875 3207 ligna
897 3150 1142 3194 transver-

198 3203 262 3263 sa.

1304 292 1352 338 2.
1376 279 1646 335 Inducatur
1663 279 1820 337 lutum
1845 284 2059 340 stramini
2078 292 2379 361 permixtum

1301 451 1351 503 3.
1386 362 1675 508 Αὸῑξτεςῑυεη]
1699 435 1952 503 ficcescat‚
1976 442 2138 513 paffim
2168 445 2372 521 infigan-

1413 532 1491 568 tur
1526 514 1727 570 frustula
1753 518 1960 573 laterum
1993 522 2248 593 angulosa.

1292 608 1345 658 4.
1375 593 1486 647 Ubi
1516 593 1809 649 exficcatum
1836 597 1985 652 fuerit
2013 600 2201 659 lutum„
2243 622 2365 678 gyp.

1407 669 1482 724 sus
1520 670 1806 736 inducatur,
1859 680 1908 732 &
1951 678 2142 751 reliqua
2168 679 2283 738 fiant
2308 698 2362 741 ut

1402 765 1517 804 ante
1532 754 1553 816 (
1565 756 1611 812 §.
1638 761 1748 812 466
1763 756 1801 816 ).

1475 866 1938 926 DEMNITIO
2014 871 2183 927 X1V.

1365 970 1499 1023 468.
1525 962 1572 1017 A
1610 964 1952 1037 Laquearibus
1974 1002 1989 1026 ,
2027 962 2110 1020 seu
2141 968 2351 1029 Lacuna.

1283 1039 1417 1093 ribus
1457 1045 1794 1097 V1TRuv1us
1840 1043 1942 1114 (x)
1985 1043 2233 1117 distinguit
2263 1049 2352 1104 Ca.

1281 1139 1465 1181 meras,
1494 1139 1604 1193 quae
1618 1118 1725 1175 sunt
1751 1122 2006 1176 Struciura
2031 1123 2261 1195 qnaedam
2287 1128 2354 1181 in-

1280 1214 1485 1250 curvata
1529 1195 1612 1252 seu
1652 1200 1698 1252 in
1737 1197 1928 1254 Arcum
1956 1200 2200 1266 formata,
2233 1205 2354 1260 inte·

1278 1275 1430 1328 riores
1464 1275 1681 1332 AEdificii
1726 1295 1889 1347 partes
1921 1277 2128 1353 desuper
2164 1298 2351 1356 tegens,

1278 1354 1584 1408 Dividuntur
1618 1358 1665 1409 in
1701 1354 2051 1427 Hemisphaeria
2077 1396 2093 1422 ‚
2121 1363 2350 1417 Testudi-

1275 1450 1360 1486 nes
1406 1437 1456 1487 &
1498 1434 1743 1488 ForniceS.
1835 1434 2177 1510 Hemzsphaeria
2203 1437 2348 1506 sunt,

1273 1528 1384 1583 quae
1413 1511 1622 1585 figuram
1659 1511 1998 1584 Hemisphaerii
2025 1521 2233 1572 concavi
2270 1521 2351 1574 ha-

1273 1589 1393 1643 bent
1428 1613 1439 1644 :
1484 1588 1735 1653 Formas,
1773 1610 1882 1664 quae
1911 1591 2215 1666 segmentum
2245 1601 2348 1670 Cy-

1269 1667 1844 1723 lindricaviimitantur:
1887 1671 2172 1741 Testudines
2209 1677 2341 1731 deni·
2389 1672 2504 1722 Tab.'

1268 1765 1395 1819 que,
1423 1765 1533 1820 quae
1569 1749 1793 1802 constant
1822 1767 1884 1802 ex
1910 1752 2129 1821 partibus
2166 1756 2316 1828 Cylin
2394 1743 2511 1817 XXI·

1267 1826 1470 1879 drotum
1501 1844 1738 1880 cavorurn
1765 1825 1791 1880 ὲ
1816 1829 2083 1899 parietibus
2103 1832 2332 1903 incipien.
2352 1808 2532 1871 F²g⁰4⁰‘

1266 1905 1400 1959 tibus
1438 1902 1679 1959 &sensim
1720 1903 1989 1980 senfimque
2025 1910 2070 1963 in
2102 1914 2342 1984 angulum

1268 2001 1690 2056 communemque
1737 1986 1926 2056 apicem
1976 1986 2340 2057 desinentibus,

1266 2063 1419 2118 veluti
1447 2080 1510 2116 ex
1542 2063 1713 2127 ABG,
1741 2066 1907 2127 BCE,
1946 2067 2093 2120 ECD
2112 2105 2127 2130 ‚
2159 2071 2339 2134 DCA,

1265 2158 1375 2213 quae
1398 2141 1447 2193 in
1475 2144 1730 2195 communi
1753 2145 1895 2216 apice
1919 2146 2123 2201 coeunt.
2171 2149 2340 2204 Hodie

1265 2219 1513 2273 vocabula
1536 2221 1718 2274 Fornix
1747 2227 1798 2278 &
1819 2224 2042 2281 Testudo
2064 2226 2339 2299 promiscue

1265 2294 1571 2372 usurpantur.

1523 2412 1557 2464 S
1584 2426 1616 2462 C
1640 2426 1676 2463 H
1704 2431 1737 2464 0
1762 2427 1795 2466 L
1828 2427 1846 2465 Ι
1875 2432 1909 2464 ο
1933 2427 1971 2466 N
2027 2415 2067 2471 Ῐ.

1327 2520 1441 2578 469.
1479 2518 1582 2565 Nos
1601 2520 1644 2566 in
1656 2517 1868 2582 speciebus·
1890 2526 2167 2573 Camerarum
2191 2525 2331 2580 distim

1256 2588 1432 2647 guendia
1458 2602 1513 2631 ex
1535 2599 1672 2632 mente
1696 2587 1899 2635 Veterum
1915 2588 2052 2647 secuti
2063 2593 2204 2650 ficmm
2228 2600 2333 2640 Pru·-

1269 2669 1525 2699 LANDRUM
1552 2655 1596 2699 in
1619 2655 1754 2700 Notis
1778 2657 1833 2701 ad
1858 2660 2181 2708 V1TRuvlum.
2231 2663 2337 2706 Nm

1263 2731 1406 2766 tamen
1426 2736 1564 2766 omnes
1584 2722 1628 2766 in
1649 2737 1696 2767 eo
1709 2721 1972 2781 consentiunt
2008 2744 2018 2770 ι
2053 2728 2162 2772 unde
2175 2725 2340 2786 fac‘sum

1263 2798 1366 2847 puto
1388 2798 1438 2833 ut
1452 2785 1659 2834 vocabula
1682 2787 1783 2835 olim
1824 2792 2034 2848 diversum
2059 2792 2339 2853 figm'ficatum

1266 2851 1469 2900 habentia
1490 2856 1612 2900 hodie
1627 2854 1943 2919 prosynonymv's
1962 2857 2216 2906 habeantur.
2238 2861 2337 2907 Nos

1266 2921 1499 2967 vernacula
1531 2925 1749 2968 Cameram
1772 2922 1842 2969 ein
1884 2924 2115 2972 Gewblbe
2137 2959 2150 2979 ‚
2187 2927 2336 2973 firni-

1265 3003 1354 3035 cem
1389 2989 1463 3034 ein
1482 2989 1926 3043 Tonn-e-Gewc'jssbe,
1970 2992 2233 3050 Testudinem
2260 2990 2334 3040 ein

1266 3054 1665 3103 Crutz-Gewblbe
1692 3057 1963 3119 appellamus.

1735 3138 1809 3182 Zz
1858 3151 1883 3185 2

1359 3243 1435 3293 (x)
1473 3244 1560 3288 Lib.
1578 3254 1713 3296 7.c.3.

2166 3138 2336 3189 Scito·
