2610 3687
160 152 235 216 26
360 151 806 212 ELEMENTA
847 156 1400 216 GEOGRAPHIAE
1442 159 1540 215 ET
1579 160 2270 222 HYDROGRAPHIAE.

163 283 426 360 parallelus
445 322 459 347 ‚
491 284 539 337 in
561 302 667 357 quo
692 283 798 339 dies
818 284 1121 358 longiffimus
1137 287 1250 341 anni

167 365 237 418 est
264 362 457 417 medius
480 362 610 417 inter
633 365 905 418 maximum
926 366 1251 420 &minimum

170 441 304 496 diem
329 441 662 514 longiffirnum
689 445 737 497 in
762 443 943 497 eodem
975 445 1213 498 Climate.

365 555 818 612 DEFINITIO
880 563 1061 613 XXV.

266 654 382 703 118.
420 645 540 699 Dies
563 648 641 701 hic
663 648 873 702 denotat
897 649 1134 721 temporis
1161 645 1261 720 spa-

181 719 306 775 tium
332 762 348 786 ,
376 724 520 795 quod
545 728 744 780 metitur
778 745 916 780 mora
953 728 1082 781 Solis
1123 726 1262 797 supra

184 801 518 859 Horizontem
547 827 558 857 ε
614 800 741 859 Nox
770 823 889 858 vero
923 806 1044 858 illud
1067 844 1082 866 ,
1120 804 1264 876 quod

185 880 388 936 metitur
423 902 564 938 mora
602 880 819 951 ejusdem
851 882 976 938 infra
1013 885 1266 938 Horizon-

184 973 304 1015 tem.

363 1060 813 1114 DEFINITIO
878 1059 1092 1114 XXVI.

274 1182 400 1234 119..
447 1167 635 1242 Σρῆιενα
659 1172 791 1223 red't'a
829 1168 1009 1222 dicitur
1034 1167 1103 1221 ibi
1131 1168 1271 1222 Ioco·

186 1263 294 1301 rum
315 1287 328 1310 ,
362 1248 444 1301 ubi
470 1252 715 1319 AEquator
743 1248 1077 1302 Horizontern
1103 1247 1164 1300 ad
1190 1267 1273 1302 an-

189 1326 336 1402 gulos
358 1328 512 1380 restos
538 1325 686 1380 secat.

357 1423 805 1478 DEFINITIO
867 1425 1122 1480 XXVII.

281 1534 406 1580 120.
435 1521 878 1596 Sphaeraeparallela
902 1521 1082 1577 dicitur
1108 1520 1177 1576 ibi
1203 1519 1276 1573 lo·-

195 1617 403 1662 corum,
422 1601 507 1654 ubi
528 1603 776 1673 AEquator
794 1600 998 1655 {enfibrili
1023 1601 1279 1656 Horizon-

196 1679 235 1734 ti
257 1680 325 1734 est
348 1679 614 1752 parallelus
641 1683 690 1733 &
717 1681 763 1734 in
790 1680 942 1753 plano
969 1680 1238 1735 rationalis.

351 1788 792 1842 Dssrrwrrio
837 1786 1127 1841 XXVIIL

285 1904 349 1950 12
366 1906 380 1946 ι
397 1926 411 1943 .
447 1888 636 1963 Sphaera
656 1887 854 1959 obliqua
872 1906 1083 1944 vocatur
1111 1889 1182 1943 ibi
1209 1890 1283 1943 Ιο-

200 1987 398 2031 corum,
414 1970 501 2025 ubi
528 1975 771 2043 AEquator
795 1967 1133 2025 Horizoneem
1157 1969 1287 2023 obli·

200 2067 300 2123 que
325 2046 477 2105 secat.

433 2148 869 2204 THEOREMA
936 2150 1062 2205 XV.

294 2253 416 2300 122.
445 2240 674 2313 Locasicb
692 2242 970 2316 AEquatore
981 2243 1084 2314 fita
1105 2240 1288 2297 habent

208 2317 443 2394 Sphaeram
472 2325 653 2375 restam
674 2321 732 2384 ῤ’
756 2340 943 2377 contra.

407 2421 692 2476 DEMON
719 2438 1086 2479 swa-ATIO.

290 2515 342 2572 Si
368 2515 507 2570 locus
531 2514 619 2571 sub
639 2523 914 2589 AE..1uat0re
935 2518 1045 2574 snus
1068 2561 1081 2586 ,
1109 2526 1292 2594 AEqua-

1451 289 1501 344 Si
1545 289 1729 345 alicubi
1776 293 2007 347 locorum
2046 292 2246 365 Sphaera
2291 298 2455 362 ream

1376 371 1618 440 AEquator
1648 371 1982 424 Horizontern
2010 371 2072 424 ad
2110 373 2321 443 angulos
2351 393 2456 429 rec.

1379 463 1458 500 tos
1496 445 1621 501 secat
1648 449 1729 516 (§.
1768 448 1941 519 119),
1971 447 2206 520 adeoque
2243 469 2355 505 curn
2403 451 2459 506 fit

1381 525 1590 579 circulus
1613 528 1860 582 maximus
1896 526 1976 597 (§.
1999 537 2072 588 48
2098 529 2296 586 Astron.
2323 532 2342 599 )
2371 549 2459 602 per

1380 603 1534 658 polos
1576 606 1865 659 Horizontis
1909 606 2076 657 transit
2118 608 2209 675 (§.
2249 618 2339 668 28.
2384 620 2460 673 29

1380 683 1596 755 Sphaeric.
1617 684 1655 750 ).
1762 685 1859 739 Sed
1888 684 1994 737 Poli
2030 683 2320 739 Horizontis
2355 705 2458 741 tam

1380 761 1632 814 rationalis
1651 801 1666 824 ,
1693 780 1843 835 quam
1860 760 2118 824 senfibiliS,
2141 759 2248 818 sunt
2278 764 2458 818 zen³th

1382 855 1533 911 atque
1552 839 1746 910 Nadir(
1764 846 1806 900 S.
1827 847 1914 896 61.
1940 849 2013 906 67
2042 842 2234 908 Astrm.
2256 845 2293 908 ).
2322 844 2461 899 Cum

1382 918 1513 971 adeo
1537 936 1624 989 per
1655 919 1830 973 Zenith
1856 916 2068 972 transeat
2096 923 2365 992 AEquator,
2392 921 2468 972 10-

1383 1013 1467 1050 cus
1492 993 1581 1049 sub
1605 999 1885 1068 AEquatore
1915 996 2026 1050 fitus
2067 1000 2135 1051 est
2164 997 2247 1069 (§.
2271 1010 2335 1067 58
2372 998 2464 1072 Ast

1383 1091 1512 1129 tron-
1558 1073 1704 1142 Quod
1723 1092 1832 1130 erat
1856 1079 2083 1133 alterum.

1572 1187 2027 1238 THEOREMA
2096 1186 2265 1239 XVI.

1473 1302 1597 1358 123.
1642 1290 1742 1344 Sub
1782 1308 1985 1364 utroque
2027 1291 2145 1345 Polo
2181 1291 2368 1362 Sphaera
2401 1292 2471 1359 est·

1379 1368 1702 1442 parallelas&
1727 1370 1808 1424 ubi
1821 1387 2065 1423 terrarum
2090 1369 2277 1443 Sphaera
2293 1373 2464 1444 para!-

1386 1451 1480 1502 lela
1509 1449 1574 1517 est
1600 1484 1616 1510 >
1642 1447 1715 1500 ibi
1740 1449 1804 1514 est
1824 1447 1986 1501 Palm.

1570 1556 2294 1609 DEMONSTRATIO.

1471 1663 1578 1717 Sub
1615 1663 1743 1717 Polo
1788 1664 1938 1718 Polus
1997 1663 2168 1718 mundi
2205 1663 2253 1717 in
2297 1659 2476 1716 Zenith

1395 1743 1685 1797 constitutus
1713 1743 1799 1813 (§.
1835 1754 1900 1812 58
1937 1745 2134 1812 Astron.
2158 1742 2208 1811 ),
2244 1741 2482 1812 adeoque

1398 1839 1509 1874 curn
1536 1822 1663 1875 Polo
1689 1824 1982 1875 Horizontis
2012 1820 2246 1875 coincidit
2275 1837 2388 1873 cum
2405 1837 2481 1873 ra-

1397 1898 1626 1962 tionaiis,
1652 1915 1756 1953 tum
1791 1898 2016 1955 {enfibilis
2047 1899 2132 1970 (§.
2156 1906 2244 1955 61.
2281 1907 2353 1967 67
2388 1897 2475 1963 Ast

1401 1996 1529 2034 tron.
1547 1977 1588 2046 >
1631 1978 1732 2034 Sed
1755 1978 1883 2032 idern
1909 1979 2089 2031 Zenith
2123 1979 2191 2032 est
2217 1978 2367 2031 Polus
2394 1978 2477 2030 AE-

1400 2056 1622 2129 quatoris
1644 2059 1726 2128 (§.
1753 2067 1826 2118 48
1841 2058 2036 2128 Astron.
2058 2056 2107 2126 ).·
2132 2074 2256 2128 ergo
2275 2056 2352 2109 hic
2369 2058 2481 2108 Ho-

1403 2136 1580 2190 rizonti
1619 2135 1848 2190 rationali
1889 2139 1937 2189 &
1974 2132 2180 2189 senfibili
2218 2132 2487 2206 parallelus-

1404 2218 1489 2278 (§.
1513 2225 1584 2276 42
1607 2214 1775 2287 sphaer.
1791 2213 1831 2283 )‚
1850 2214 2006 2269 immo
2024 2214 2140 2285 quia
2163 2231 2276 2266 cum
2293 2215 2483 2285 AEqua-

1404 2307 1484 2346 tor
1509 2292 1590 2362 (§.
1618 2308 1692 2356 49
1718 2294 1916 2361 Astron.
1934 2299 1952 2358 )
1970 2332 1984 2355 ,
2012 2308 2117 2346 tum
2144 2291 2374 2345 Horizon
2403 2308 2483 2345 ra-

1407 2371 1601 2425 tionalis
1624 2374 1648 2437 (
1668 2375 1712 2431 §.
1739 2379 1805 2428 62
1838 2370 2069 2441 Astron.)
2101 2369 2387 2442 quadrantis
2414 2369 2491 2423 in=>

1407 2449 1621 2504 tervallo
1648 2447 1676 2502 a
1695 2449 1868 2503 Zenith
1890 2447 2061 2513 distat,
2083 2453 2326 2521 AEquator
2346 2465 2482 2521 pror-

1408 2525 1482 2582 sus
1504 2527 1551 2580 in
1584 2527 1735 2600 piano
1761 2529 2054 2582 Horizontis
2083 2527 2331 2582 rationalis
2367 2522 2488 2581 exis-

214 2607 296 2649 tor
324 2613 411 2666 per
436 2597 616 2651 Zen'th
644 2595 860 2666 ejusdem
901 2599 1068 2654 transit
1098 2602 1181 2669 (§.
1221 2612 1288 2670 58
1348 2609 1355 2678 j
1409 2607 1486 2660 tit.
1504 2606 1583 2661 Est
1602 2607 1753 2679 igitur
1770 2606 1970 2678 Sphaera
1996 2606 2229 2682 parallela
2249 2607 2486 2676 (§.120)⁰

218 2674 411 2743 Astron.
434 2673 495 2745 ),
534 2675 767 2749 adeoque
795 2696 881 2750 per
918 2680 1098 2733 Polum
1140 2681 1292 2735 Hori.-

220 2754 431 2819 zonris.(
447 2758 478 2813 S
503 2764 567 2813 61
595 2757 793 2825 Astron.
813 2767 851 2822 ).
871 2761 1043 2826 Quare
1062 2776 1176 2811 cum
1204 2758 1292 2813 cir-

222 2831 364 2884 culus
402 2835 641 2887 maximus
678 2833 734 2886 fit
777 2839 866 2895 (§.
905 2846 975 2896 4-8
1018 2835 1295 2908 Astron.);

221 2911 551 2964 Horizontem
568 2929 666 2965 tarn
689 2911 1025 2981 rationalem(
1041 2921 1088 2976 §⁰
1111 2924 1177 2973 61
1205 2915 1296 2984 sls-

217 3006 343 3044 tron.
368 2992 416 3043 8(
435 2995 480 3051 §-
521 3000 590 3049 28
610 2990 822 3062 ἆρὰενίε.
847 2990 900 3060 ),
928 3010 1078 3064 quam
1104 2989 1296 3049 sensibi'-
1354 3011 1356 3017 ·

214 3067 312 3121 lem
338 3068 421 3138 (§.
444 3084 509 3132 91
559 3070 755 3138 Astron.
778 3071 836 3131 ὠ
856 3077 905 3133 §-
924 3086 995 3137 30
1016 3070 1236 3143 Sphaerics
1269 3071 1292 3143 )

213 3146 278 3201 ad
305 3148 519 3220 angulos
546 3150 704 3202 refios
735 3145 882 3204 secat.
971 3150 1173 3221 Sphaera
1199 3151 1287 3227 igi-

210 3223 393 3281 mrsu-b
406 3230 684 3301 AEquatore
711 3229 843 3298 recia
859 3233 932 3299 (§.
963 3244 1066 3297 119
1083 3231 1124 3302 )..
1148 3230 1295 3305 Qod

208 3322 316 3366 erat
338 3326 507 3364 unum*-

1411 2685 1560 2755 „Quod
1584 2703 1690 2740 erat
1716 2705 1882 2739 unum.
2128 2741 2133 2746 ,

1493 2764 1544 2818 Si
1571 2763 1756 2817 alicubi
1785 2780 2026 2818 terra-rum
2052 2764 2250 2838 Sphaera
2276 2762 2488 2837 paralle-

1414 2841 1462 2895 la
1494 2861 1512 2900 ς.
1533 2846 1773 2914 AEquator
1805 2844 2073 2898 Horizonti
2112 2843 2372 2916 parallelus
2400 2845 2485 2908 (§.

1424 2936 1445 2977 1
1459 2918 1780 2989 20).Habent
1794 2939 1916 2994 ergo
1930 2926 2174 2995 AEquator
2187 2927 2238 2977 ὃ(
2250 2922 2484 2976 Horizon

1414 2996 1619 3053 eosdem
1648 2999 1797 3053 Polos
1815 3000 1836 3070 (
1855 3005 1900 3061 §.
1917 3014 1987 3064 42
2017 3000 2233 3074 Sphaeric.
2259 2997 2309 3068 )‚
2337 2997 2490 3052 adeo-

1411 3095 1512 3149 que
1538 3078 1647 3132 Poli
1673 3079 2100 3151 AEquatori3,hoc
2127 3080 2196 3133 est
2219 3079 2392 3133 mundi
2409 3079 2487 3146 (§.

1408 3166 1480 3218 48
1511 3157 1707 3227 Astron.
1731 3162 1791 3222 )‚
1833 3157 2123 3213 coincidunt
2158 3177 2271 3213 cum
2310 3155 2488 3212 Zenith

1406 3250 1558 3313 atque
1580 3234 1742 3296 Nadir
1765 3235 1792 3310 („
1814 3240 1858 3298 §.
1886 3246 1952 3298 61
1986 3237 2182 3314 Astron.
2199 3236 2239 3310 ).
2317 3237 2491 3371 Logus-

2357 3333 2385 3371 a
2424 3331 2494 3370 eo
