2641 3687
529 149 718 228 σαμε.
799 147 920 202 DE
999 142 1366 200 PYXIDE
1445 138 1930 195 NAUTICA.

129 304 390 361 antequam
416 281 690 356 magnetice
707 273 1018 334 excitaretur,
1041 271 1189 344 aequi-

134 372 307 425 librata
340 361 483 418 efficit
511 379 623 415 cum
661 357 786 409 linea
824 351 1042 404 Rhombi
1072 388 1088 414 ,
1129 346 1193 401 ad

137 464 283 520 quem
306 441 518 497 declinat
539 476 552 501 ‚
580 438 626 490 in
652 433 806 487 Plano
837 428 1070 481 verticali.

429 539 907 590 SCHOLION.

210 641 316 688 295.
353 627 580 674 Inclinatio
607 626 687 670 haec
715 625 758 669 in
788 617 1086 678 Hemisphaerio
1120 620 1203 663 Bo-

144 700 251 747 reali
269 694 323 753 fit
353 687 494 751 versus
523 695 727 742 Boream;
764 689 808 733 in
841 684 1036 738 Australi
1063 684 1205 740 versus

143 764 378 819 Austrum3
405 758 510 805 alibi
535 757 671 817 major
688 786 700 808 ‚
723 751 828 799 alibi
853 753 1023 798 minor:
1050 748 1208 797 alicubi

145 845 286 891 tamen
308 828 417 873 nulla
438 825 493 880 est
510 860 523 877 ‚
551 839 622 870 nec
641 823 780 868 eodem
799 821 841 866 in
861 823 948 865 loco
975 821 1086 865 omni
1102 830 1208 864 tem-

144 912 247 962 pore
284 898 442 943 eadem‘

409 986 811 1037 DEMNJTto
860 979 958 1031 LI.

240 1101 364 1159 296.
401 1093 549 1158 Pyxis
583 1093 779 1142 nautica
825 1082 902 1137 seu
949 1085 1219 1156 magnetica

161 1176 226 1227 est
251 1172 409 1244 pyxiS,
441 1172 486 1220 in
511 1185 607 1238 qua
637 1183 750 1217 acus
773 1165 1051 1235 magnetiza
1085 1158 1221 1231 super

163 1267 329 1303 centro
365 1243 496 1301 Rosae
526 1245 723 1297 nauticae
752 1243 1056 1313 aequilibrata
1096 1244 1144 1292 ἃ·
1170 1236 1222 1288 li-

162 1331 282 1382 bere
300 1321 528 1397 suspensa.
559 1326 781 1374 Vocatur
798 1323 944 1374 etiam
964 1320 1226 1390 Verfhrium

166 1410 215 1460 ὃς
240 1403 500 1476 Compaffns
524 1404 768 1454 nauticus.

410 1495 447 1546 P
466 1507 499 1543 R
512 1508 544 1543 o
559 1506 583 1541 B
600 1504 631 1540 L
651 1505 676 1540 ε
695 1506 730 1540 Μ
752 1502 783 1538 A
853 1488 894 1539 L
909 1488 979 1538 V.

253 1595 379 1648 297.
423 1581 576 1634 Acum
601 1583 915 1650 magneticam
941 1594 1136 1649 parare.

443 1687 972 1739 RasoLuTIO.

195 1800 242 1842 1.
271 1788 344 1841 Ex
369 1785 561 1858 optimo
586 1791 633 1840 &
659 1782 902 1854 puriffimo
930 1783 1142 1855 chalybe
1162 1799 1237 1833 cu·

303 1863 352 1916 di
383 1879 573 1917 curetur
605 1882 743 1916 arcus
767 1903 781 1927 ,
824 1883 922 1917 non
960 1864 1100 1916 nimis
1136 1861 1242 1912 bre-

306 1942 377 1993 vis
401 1980 414 2004 ,
454 1944 566 2014 quia
595 1943 784 2013 longior
825 1941 1111 1996 Rhombum
1134 1977 1147 2000 ‚
1196 1939 1242 1990 in

306 2020 440 2086 cujus
458 2022 601 2093 plano
613 2022 788 2077 existit,
805 2020 1073 2075 accuratius
1090 2012 1241 2071 mons·
1300 2017 1302 2019 ’

305 2112 429 2155 trat3
466 2118 554 2152 nec
576 2116 735 2151 tamen
771 2098 850 2153 lex
893 2099 1075 2170 digitos
1108 2112 1248 2148 exce-

229 2182 234 2183 ’
311 2173 429 2229 dens
451 2216 466 2234 ‚
498 2196 558 2230 ne
582 2177 788 2248 gravitas
825 2176 1131 2232 volubi.itati
1158 2174 1249 2227 ob·
1305 2181 1306 2184 ’

309 2251 389 2312 fit3
417 2255 570 2308 tenuis
593 2270 850 2326 praeterea‚
879 2274 988 2311 cum
1018 2253 1254 2307 verticita-
1307 2288 1314 2318 η

314 2348 412 2385 tem
433 2335 598 2388 melius
622 2337 892 2408 concipiat,
915 2351 1066 2406 quam
1094 2331 1125 2384 fi
1151 2329 1255 2384 fue·
1307 2318 1314 2381 l

310 2410 371 2463 tit
389 2408 556 2468 craffa;
586 2429 743 2482 neque
768 2432 967 2468 ornatus
993 2410 1147 2484 gratia
1175 2410 1256 2462 ali-

312 2490 428 2541 cubi
452 2490 771 2545 foraminibus
796 2491 1000 2564 pertusa,
1025 2491 1142 2562 quia
1167 2489 1259 2540 vir-

310 2567 424 2619 tutis
469 2569 750 2640 magnetica?
798 2571 1047 2627 diffusioni
1096 2568 1259 2621 obstat

314 2661 513 2697 ornatus
538 2646 815 2704 istiusmodi.

201 2731 252 2778 2.
278 2723 331 2775 In
361 2724 527 2776 medio
561 2729 608 2780 C
637 2745 748 2780 acus
777 2730 1082 2802 perforetur,
1115 2726 1262 2798 eique

319 2803 599 2872 capitellum
645 2806 972 2862 orichalceum
1019 2805 1262 2872 (ferreum

317 2881 447 2933 enirn
488 2883 781 2939 volubilitati
818 2888 958 2940 obest
982 2925 998 2950 ,
1030 2903 1141 2938 cum
1173 2882 1264 2936 fer-

320 2974 428 3010 rum
475 2962 750 3032 magnetice
789 2966 1059 3018 excitatum
1105 2961 1267 3016 trahat

324 3033 462 3124 aliud
485 3037 689 3109 ferrum)
708 3040 1112 3102 affetruminetur,
1130 3039 1269 3110 quod

329 3127 453 3164 intus
503 3117 681 3169 habeat
743 3122 998 3175 cavitatem
1054 3117 1270 3173 conifor-

332 3207 460 3244 mem
481 3230 497 3259 ‚
534 3209 587 3249 ut
617 3194 743 3269 stylo
774 3198 1054 3258 orichalceo
1092 3203 1140 3254 δε
1167 3213 1277 3251 acu-

2313 148 2379 196 61

1429 267 1620 321 minato
1652 266 1843 335 imponi
1886 266 2056 336 possit,
2094 265 2217 320 circa
2252 266 2389 333 cujus

1439 347 1628 417 apicem
1667 344 1850 414 exiguo
1878 344 2103 397 acumine
2138 344 2389 415 chalybeo

1439 423 1718 476 insttudtum
1743 420 1880 492 (quia
1900 420 2103 492 chalybs
2132 423 2176 474 in
2196 421 2388 474 tenuius

1441 519 1645 554 acumen
1677 497 1926 551 efformari
1955 499 2110 569 potest
2126 518 2272 570 quam
2294 499 2392 552 ori-

1442 577 1701 646 chalcum)
1727 576 1873 629 facile
1907 576 2102 629 moveri
2124 592 2290 646 queat.

1330 672 1377 723 3.
1421 659 1539 709 Pars
1576 673 1691 708 acus
1734 651 2122 724 septentr³onalis
2152 654 2198 705 in
2227 653 2397 706 nostro

1442 731 1795 805 Hemisphaerio
1822 732 1970 804 paulo
2000 730 2161 784 levior
2184 729 2284 783 fieri
2311 728 2394 783 de-

1449 814 1534 865 bet
1574 811 1803 873 australi,
1842 824 1924 871 ut,
1956 808 2075 861 dum
2125 808 2395 879 magnetice

1447 890 1661 943 excitata
1688 885 1885 940 sublidit
1916 884 2150 957 (5293),
2173 904 2282 939 cum
2296 881 2397 938 aus-

1451 969 1559 1021 trali
1585 965 1939 1039 aequilibretun

1337 1060 1389 1108 4.
1434 1047 1513 1099 Ut
1560 1064 1683 1100 vero
1732 1043 1935 1097 tandem
1995 1041 2103 1095 acui
2163 1040 2408 1094 verticitas

1459 1124 1737 1196 magnetica
1758 1161 1771 1184 ‚
1804 1122 1899 1174 hoc
1925 1120 2011 1182 est,
2034 1120 2104 1171 vis
2133 1116 2176 1171 se
2208 1116 2418 1188 dirigen-

1459 1200 1511 1255 di
1532 1199 1693 1255 versus
1724 1198 2119 1270 Septentrionem
2140 1234 2155 1259 ,
2201 1214 2418 1248 commu-

1464 1283 1651 1335 nicetur
1676 1299 1688 1336 3
1722 1297 1831 1332 cum
1855 1296 1992 1330 mora
2018 1276 2180 1346 aliqua
2203 1273 2421 1326 affrican-

1467 1358 1530 1412 da
1559 1360 1626 1413 est
1654 1357 1781 1410 Polo
1809 1355 2029 1409 alterutri
2063 1352 2301 1423 magnetis
2323 1390 2337 1415 2
2356 1351 2420 1404 ita

1466 1455 1631 1492 tamen
1653 1451 1705 1488 ut
1725 1435 1900 1488 ductus
1926 1433 2008 1486 fiat
2025 1449 2112 1503 per
2132 1431 2303 1484 Polum
2323 1447 2420 1482 me-

1469 1514 1759 1571 ridionalem
1797 1511 1958 1565 versus
1985 1509 2381 1582 Septentrionem
2407 1545 2421 1569 ,

1472 1611 1608 1668 parte
1658 1610 1769 1645 acus
1812 1587 2169 1660 septentrionali
2217 1587 2425 1658 primum

1474 1674 1716 1745 applicata
1734 1709 1749 1733 ,
1776 1668 1806 1723 fi
1828 1670 1927 1722 haec
1943 1664 2102 1721 versus
2126 1664 2426 1735 Septentrio-

1476 1770 1588 1806 nem
1616 1750 1757 1821 dirigi
1786 1748 1953 1800 debet.
2027 1741 2219 1812 Quodfi
2251 1740 2424 1795 duetus

1479 1828 1925 1890 iterantur2eodem
1955 1822 2140 1894 semper
2163 1821 2319 1873 modo
2342 1821 2424 1873 ite-

1479 1924 1648 1962 rentur
1669 1903 1851 1959 neceffe
1876 1904 1942 1957 est
1965 1943 1977 1966 ‚
1998 1901 2234 1973 quoniam
2254 1899 2427 1951 ductus

1481 1986 1781 2045 contrariuS,
1811 2001 1857 2035 V.
1887 2001 1960 2054 gr.
1990 1982 2035 2034 in
2070 1980 2236 2032 nostro
2266 1975 2372 2030 casu
2399 1973 2428 2028 a·

1484 2062 1834 2137 Septentrione
1868 2057 2028 2113 versus
2057 2058 2288 2112 Austrum
2332 2055 2433 2107 fac«

1484 2161 1560 2198 tus
1590 2144 1688 2195 vim
1711 2140 2041 2211 magneticam
2068 2134 2174 2189 acui
2196 2152 2280 2205 per
2302 2133 2434 2202 prio-

1487 2240 1588 2276 rem
1616 2218 2028 2273 communicatam
2058 2212 2210 2267 rursus
2243 2210 2431 2265 adimit.

1377 2318 1423 2371 ς.
1451 2299 1643 2371 Qodfi
1684 2298 1790 2369 post
1836 2293 2075 2349 affritstum
2115 2310 2227 2344 acus
2257 2288 2439 2362 :equilij

1486 2380 1647 2436 brium
1691 2374 1893 2443 tollatur
1918 2411 1932 2434 ,
1968 2372 1996 2426 a
2041 2387 2177 2444 parte
2224 2363 2437 2441 graviori

1488 2478 1584 2531 ope
1611 2458 1736 2510 limae
1761 2452 1948 2524 aliquid
1979 2449 2252 2508 auferatur,
2278 2444 2438 2497 donec

1495 2539 1558 2593 ad
1581 2532 1904 2607 aequilibrium
1931 2528 2123 2583 redierit
2151 2532 2199 2580 ὅ(
2228 2541 2331 2576 tum
2357 2522 2441 2573 de-

1495 2634 1597 2671 nuo
1625 2611 1840 2685 magneti
1866 2624 1918 2663 ut
1958 2623 2069 2662 ante
2102 2603 2366 2657 affricetun

1691 2721 2136 2772 δςΗοιῙοΝ,

1457 2822 1562 2871 298.
1601 2817 1717 2863 Acus
1739 2814 1964 2869 istiusmodi
1988 2809 2224 2869 magnetica
2245 2806 2361 2850 intret
2377 2813 2445 2844 ca-

1384 2888 1566 2932 vitatem
1585 2885 1628 2928 in
1648 2881 1732 2940 bafi
1745 2881 1880 2940 fulcri
1900 2876 2130 2924 Globorum
2154 2869 2374 2923 Caelestium
2392 2865 2446 2910 ἐφ’

1388 2950 1670 3005 'I'errefirium
1690 2947 1953 3008 effbrmatam
1971 2940 2228 3004 ccqnilibrari
2246 2936 2345 2992 solet
2363 2964 2376 2983 2
2399 2940 2448 2974 ut

1392 3018 1542 3069 Globi,
1567 3028 1770 3079 quantum
1792 3018 1844 3058 ad
1864 3027 2021 3074 praxes
2040 3003 2295 3063 iliassufficit
2315 3032 2329 3051 5
2351 3011 2449 3071 Μῖν-

1386 3087 1452 3144 sus
1472 3087 1674 3130 Cardines
1699 3083 1854 3127 Mundi
1880 3080 2011 3138 dirigi
2043 3076 2189 3138 pcffint
2212 3090 2220 3115 :
2258 3067 2362 3130 qaod
2386 3076 2451 3107 zn-

1397 3153 1562 3200 terdum
1583 3150 1845 3209 neceffarium
1858 3144 2004 3206 effiffaex
2015 3132 2452 3205 [aperioribusliqueti

1878 3264 1928 3314 H
1974 3276 2000 3328 3
2303 3249 2459 3299 Pao-
