2641 3687
114 141 350 216 Cap.IV.
396 142 501 197 DE
545 139 952 196 OPERIBUS
994 137 1380 195 HOSTIUM
1427 138 2099 214 CAMPESTRIBUS.

159 269 375 321 valentes
397 268 511 322 illuc
546 264 590 322 se
615 267 828 338 recipere
858 280 1060 337 queant.

48 363 99 411 4.
126 343 352 400 Accessus
383 349 733 399 connestantur
768 344 929 396 Lineis
968 362 1104 396 com-

158 422 546 478 municationum
583 424 670 476 BC
703 425 750 474 &
785 418 948 492 paffim
977 421 1107 473 exci-

160 515 324 553 tentur
353 501 617 572 Suggestus
639 501 1023 552 Tormentorum
1051 516 1105 551 ac

156 576 511 631 Mortariorum
558 581 638 639 D,
687 591 738 629 ut
766 573 994 628 Acceffus
1026 575 1106 628 ad-

162 653 329 707 versus
378 654 686 708 excursiones
732 653 900 706 Militis
952 652 1105 724 praefi-

159 731 299 784 diarii
329 732 530 785 defendi
557 751 612 784 ac
636 730 832 784 tandem
859 729 905 782 in
933 730 1107 784 vicinia

165 802 332 878 Opera
348 809 644 863 Munimenti
656 807 880 862 demoliri
899 823 1104 879 queant.

159 885 398 941 Latitudo
422 887 585 958 prima:
608 889 656 939 ἃς
673 883 896 939 secundae
923 885 990 938 est
1023 900 1102 952 ις,

159 962 308 1016 tertiae
330 979 492 1017 autem
526 973 589 1022 18
615 964 795 1036 pedum
828 967 877 1017 δε
900 962 1100 1035 profun=

157 1040 280 1094 ditas
311 1057 335 1108 3
368 1041 570 1112 pedum.
930 1103 935 1110 N

51 1133 95 1188 5.
121 1118 312 1189 Qodli
336 1135 460 1172 terra
499 1137 597 1172 non
630 1116 774 1174 fuerit
809 1132 921 1190 apta
945 1156 961 1179 ‚
995 1135 1104 1188 quae

155 1197 203 1250 in
229 1197 457 1249 Loricam
483 1196 768 1252 efformetur
816 1216 830 1253 5
879 1195 1105 1249 Acceslus

155 1272 210 1327 fit
257 1276 387 1326 retita
412 1273 474 1327 ad
511 1275 892 1335 munimentum,
938 1274 1103 1327 corbi-

144 1351 218 1404 ‘tis
244 1367 371 1404 terra
399 1350 587 1405 refertis
611 1353 779 1406 debita
797 1353 985 1404 ratione
999 1351 1104 1403 col-

160 1429 331 1482 locatis
359 1451 369 1479 ε
399 1446 545 1500 prout
566 1428 732 1502 figurae
754 1427 983 1500 inspectio
1018 1429 1104 1482 do.

161 1521 254 1562 cet.
303 1506 476 1560 Solent
501 1509 649 1561 etiam
672 1505 879 1579 superius
898 1503 1104 1561 fascibus

107 1616 111 1622 ,
159 1585 488 1656 virgultorum
515 1586 710 1656 operiri.

336 1664 370 1716 S
397 1679 427 1715 c
459 1678 494 1714 H
522 1681 553 1713 o
580 1679 611 1716 L
639 1680 656 1716 1
683 1682 716 1716 o
744 1678 800 1718 Ν.

110 1748 217 1795 245.
255 1740 365 1803 Qo
381 1743 557 1802 propius
576 1744 630 1788 ad
650 1743 966 1789 Munimentum
990 1757 1102 1789 acce-

16 1827 17 1851 l
45 1806 185 1855 ditur,
223 1821 269 1850 eo
301 1806 557 1868 profundior
583 1807 698 1867 Foffa
726 1808 829 1866 fieri
865 1809 988 1856 debet
1008 1840 1022 1860 ,
1053 1822 1102 1856 ut

16 1885 17 1916 1
45 1870 268 1932 conffieffiui
291 1874 458 1919 milita
471 1874 722 1936 praesidiarii
731 1874 1002 1933 subducatur.

228 1941 562 1992 PROBLEM
586 1957 616 1992 A
682 1943 903 1997 XLIII.

118 2022 244 2075 246.
286 2016 489 2087 Sappam
501 2035 693 2090 parare.

312 2094 352 2146 R
380 2110 405 2146 E
441 2112 461 2147 s
493 2114 526 2147 o
554 2111 585 2148 L
612 2114 646 2150 U
672 2113 704 2147 T
731 2111 747 2147 1
770 2108 822 2150 0.

20 2186 21 2234 j
46 2183 90 2225 1.
118 2168 227 2222 Ubi
255 2169 485 2234 Ac‘ceflfus
507 2173 566 2225 ad
591 2175 816 2227 Loricam
846 2171 993 2248 usque
1019 2176 1101 2230 de.

20 2270 21 2274 ¹
151 2249 330 2301 clivem
349 2250 451 2304 Viae
476 2269 719 2324 coopertae
742 2250 886 2306 fuerit
919 2253 1038 2323 perd
1049 2273 1097 2307 u-

148 2332 248 2377 &us
272 2365 287 2388 ,
325 2345 412 2398 per
436 2327 579 2382 Viam
618 2333 791 2384 testam
829 2330 1095 2386 effodiatur

146 2401 282 2456 Fossa
309 2407 436 2459 reeta
455 2406 613 2470 versus
637 2412 1095 2483 PropugnaculiFa-

151 2499 292 2534 ciem.

41 2566 89 2613 2.
114 2558 384 2613 Tantaefiat
406 2561 766 2624 latitudinis‚ut
791 2581 888 2621 tres
909 2569 1096 2623 Milites
1152 2585 1158 2642 ἦ
1336 2625 1414 2662 mr
1471 2606 1641 2663 afferes
1687 2615 1736 2663 ἃ
1787 2608 1990 2680 spatium
2050 2612 2284 2666 interme-

148 2637 284 2704 juxta
316 2635 593 2694 seinvicem
631 2660 864 2714 peneum
899 2647 1097 2702 transire

151 2731 351 2784 queant.

40 2800 87 2853 3.
129 2791 233 2845 Fiat
266 2794 440 2848 eadem
469 2794 760 2865 profundior
797 2804 845 2853 &
884 2798 1095 2856 fascibus

150 2869 491 2941 virgultorum,
505 2872 657 2928 humo
682 2879 878 2949 aggesta
898 2878 1094 2952 aliisque

150 2949 480 3020 cooperiatur.

333 3030 366 3080 S
393 3042 422 3077 c
454 3041 489 3077 H
518 3042 552 3079 o
580 3043 610 3080 L
640 3045 657 3082 1
687 3046 722 3082 0
751 3047 810 3086 N.

112 3113 220 3156 247.
255 3106 394 3166 Sappae
416 3104 537 3149 hodie
551 3105 743 3167 pluribus
765 3113 892 3158 modis
902 3111 1098 3172 forman-

45 3174 117 3209 tur
133 3181 186 3210 ex
214 3168 409 3218 corbitzsss.
432 3169 583 3231 quihus
599 3172 710 3228 fizcci
730 3177 882 3238 repleti
911 3182 1097 3233 interpe-

44 3242 200 3278 mmtur
209 3264 225 3287 ,
238 3233 563 3300 fitperimpofitt's
584 3241 799 3301 virgulta.
1022 3234 1035 3242 ⁶

2186 159 2292 219 285

1378 270 1833 325 PRoBLtMA
1920 277 2138 332 XLIV.

1324 355 1453 406 248.
1490 347 1692 400 Vineam
1706 365 1903 419 parare.

1499 426 1538 476 R
1570 440 1594 475 ε
1626 443 1646 477 s
1677 445 1709 477 o
1737 441 1766 477 L
1797 442 1829 477 u
1861 443 1893 476 T
1928 443 1944 480 1
1973 448 2023 481 O.

1240 513 1286 554 1.
1314 499 1423 552 Ubi
1442 518 1526 570 per
1550 504 1763 572 Sappam
1785 500 1847 554 ad
1871 503 2056 559 Fossam
2080 523 2214 578 patet
2243 529 2296 565 a-

1349 575 1615 650 ditus2pars
1634 580 1794 651 aliqua
1811 582 1914 635 Viae
1932 600 2175 655 coopettae
2192 589 2295 643 Cu-

1348 655 1518 709 niculis
1545 652 1852 710 subvertatur
1891 664 1984 723 (§.
2018 672 2118 724 169
2152 664 2294 734 Pyro..

1350 734 1540 797 techn.)
1562 771 1574 794 ‚
1602 750 1653 787 ut
1688 750 1814 789 terta
1853 736 1998 789 Foffae
2042 743 2292 811 quandam

1347 828 1533 881 partem
1556 812 1772 883 impleat.

1232 897 1281 942 2.
1319 891 1431 941 Pars
1486 888 1672 959 reliqua
1720 887 1930 944 fascibus
1970 894 2291 964 virgultorum

1344 967 1701 1038 adimpleatur:
1744 986 1852 1039 quae
1873 1008 1887 1031 ‚
1926 970 1960 1022 fi
1985 970 2121 1025 Foffa
2148 972 2292 1029 fuerit

1343 1060 1472 1115 aqua
1489 1044 1650 1114 plena,
1667 1045 1911 1117 lapidibus
1937 1065 2224 1113 onerantur,
2241 1067 2312 1107 ut,

1345 1123 1392 1174 in
1427 1121 1599 1175 eadem
1627 1120 1885 1179 subsidant.
1955 1128 2052 1179 Alii
2087 1144 2290 1198 pontem

1345 1199 1487 1252 doliis
1507 1197 1707 1253 affixum
1731 1201 2023 1266 immittunt,
2045 1205 2129 1276 qui
2154 1207 2294 1278 aquis.

1345 1276 1618 1346 supernatat
1653 1279 1754 1346 (§.1
1780 1295 1833 1336 11
1860 1280 2132 1353 Hydrostffi

1233 1366 1279 1418 3.
1306 1358 1360 1410 In
1394 1356 1485 1411 Via
1512 1373 1748 1427 cooperta
1786 1359 2058 1412 excitentur
2091 1360 2294 1434 Sugges-

1345 1451 1423 1488 tus
1470 1437 1856 1489 Tormentorum
1894 1475 1906 1492 ‚
1967 1455 2018 1490 ut
2051 1438 2162 1492 inde
2200 1445 2292 1495 Fa-

1344 1511 1432 1566 ciei
1454 1549 1468 1572 ,
1498 1512 1564 1566 ad
1590 1531 1738 1583 quam
1769 1514 1950 1567 invafio
1981 1514 2083 1569 fieri
2114 1514 2293 1582 debet,

1344 1591 1483 1646 ruina
1525 1588 1851 1662 consequatur
1876 1615 1887 1645 :
1934 1610 2041 1663 quae
2079 1592 2111 1647 fi
2157 1610 2292 1650 tanta

1344 1687 1447 1723 non
1479 1668 1625 1723 fuerit
1644 1707 1657 1731 ‚
1699 1686 1751 1722 ut
1779 1670 1902 1723 hosti
1937 1669 2162 1727 invasuro
2188 1671 2292 1744 spa-

1343 1748 1464 1800 tium
1493 1745 1596 1800 satis
1617 1747 1832 1818 amplum
1861 1749 2133 1813 concedat,
2157 1750 2293 1805 deni-

1341 1845 1441 1898 que
1464 1826 1662 1878 ulterius
1681 1844 1778 1895 ope
1803 1827 2164 1882 Cuniculorum
2191 1847 2289 1883 arn-

1339 1904 1478 1976 pliari
1514 1903 1667 1957 debet
1701 1908 1785 1970 (§.
1812 1918 1933 1972 159.
1958 1907 2288 1976 Pyrotechn.).

1339 1984 1500 2037 Vinea
1530 1978 1731 2035 tandem
1765 1981 1856 2037 hac
1883 1984 2072 2038 ratione
2103 1981 2287 2058 supers-

1337 2077 1512 2115 truitur
1540 2083 1551 2113 ε

1156 2129 1163 2200 i
1219 2155 1275 2202 4.
1303 2142 1459 2212 Super
1502 2153 1654 2210 ponte
1698 2153 1781 2191 aut
1821 2156 2005 2211 aggere
2042 2141 2474 2220 congesto-sabjf³

1335 2219 1587 2288 erigantur
1621 2214 2090 2288 perpendiculariter
2113 2222 2245 2293 tigna
2264 2260 2280 2285 ,
2299 2238 2474 2300 fig-37³

1336 2315 1552 2368 quorum
1579 2295 1803 2349 craffities
1826 2295 1894 2348 est
1922 2294 2193 2369 digitorum
2219 2301 2283 2354 ad.

1339 2373 1578 2429 summum
1608 2383 1659 2436 6,
1679 2373 1890 2426 altitudo
1918 2390 1952 2443 7
1976 2376 2050 2429 vel
2073 2376 2136 2430 ad
2157 2373 2285 2432 sum-

1336 2471 1472 2506 mum
1499 2453 1616 2505 osto
1640 2453 1840 2523 pedum.

1227 2546 1272 2599 ς.
1301 2532 1435 2584 Intus
1459 2530 1640 2601 pariter
1666 2535 1715 2585 <Sc
1738 2548 1880 2584 extus
1909 2533 2059 2586 clavis
2089 2531 2286 2607 affigan-

1335 2687 1472 2740 dium
1509 2704 1637 2741 terra
1679 2689 1938 2760 impleatur
1975 2686 2140 2743 versus
2176 2708 2283 2743 eam

1340 2767 1396 2817 M
1405 2767 1636 2819 unimenti
1662 2783 1874 2838 partem.
1895 2768 2025 2821 unde
2043 2771 2281 2821 Tormen-

1336 2857 1500 2898 torum
1528 2844 1575 2897 vi
1600 2845 1852 2899 laceffitur.
1882 2848 1974 2900 Vel
2004 2848 2176 2899 humus
2201 2864 2284 2916 ag-

1335 2922 1518 2993 geritur
1548 2961 1562 2985 ‚
1605 2939 1657 2976 ut
1695 2923 1894 2977 Globus
1940 2925 1967 2978 ὲ
2007 2929 2286 2978 Tormento

1333 2998 1523 3053 emissus
1538 3020 1643 3054 eam
1659 3019 1758 3054 non
1773 3001 2027 3071 pervadat,·
2046 3003 2121 3055 vel
2138 3003 2282 3054 etiam

1342 3079 1546 3132 corbitae
1579 3096 1704 3132 terra
1729 3077 1914 3132 resertae
1937 3082 2007 3133 ibi
2036 3080 2282 3132 collocan-

1335 3171 1560 3226 tur,quot
1573 3156 1633 3209 ad
1648 3157 1860 3210 eundem
1874 3157 2017 3211 finem
2033 3154 2278 3210 sufficiunt.

1223 3241 1272 3290 6.
1302 3233 1589 3306 imponatur
1609 3236 1791 3290 tedium
1820 3253 1879 3287 ex
1907 3232 2133 3291 asseribus
2153 3233 2281 3285 duos

1710 3312 1754 3360 N
1774 3327 1800 3358 n
1857 3327 1878 3372 3
2112 3310 2287 3372 digitos·
