2641 3687
554 140 667 215 Cap.
730 142 761 195 I
775 139 814 195 Ῑ.

20 282 111 336 quae
127 283 181 316 ex
191 266 367 328 fistulosb
391 269 606 332 coquitur.
643 272 870 317 Amatam
899 270 1093 332 utrisque

20 339 249 385 convenire
270 334 516 382 arbitratur
534 333 551 394 (
570 337 634 390 z)
655 353 747 383 eam
768 370 782 389 ,
802 351 889 399 quae
908 351 962 382 ex
974 336 1093 394 saxis

16 400 252 450 molaribus
286 404 480 465 coquitur
499 434 512 454 ‚
547 401 737 465 saxaque
770 418 824 448 ex
852 402 1093 464 lapicidinis

20 481 187 516 exemta
209 468 386 529 praefert
415 471 501 520 iis,
531 484 619 530 quae
645 468 787 530 paffim
819 469 1090 530 colliguntur.

19 536 358 594 Praerogativam
394 550 557 597 quoque
591 533 749 581 tribuit
773 535 1011 596 lapicidinis
1046 538 1092 581 in
1149 555 1153 594 ς
1425 577 1435 589 ,
1605 578 1614 587 .
1848 576 1857 585 .

18 601 119 648 locis
139 599 345 658 umbrosis
377 617 424 647 ac
453 602 637 647 humidis
656 600 768 658 sitis.
792 605 1086 647 PALLAmus
1149 621 1153 649 J
1207 576 1492 635 adhaeserstf
1529 577 1711 648 (imbus
1743 576 1880 628 adda
1905 573 2287 628 BOECKLERUS

17 681 123 712 vero
152 679 294 713 monet
317 665 379 723 (a
401 664 449 726 )‚
469 667 630 728 lapides
662 683 717 713 ex
726 665 977 726 fluminibus
1007 667 1090 713 col·
1150 706 1152 712 ,

1149 747 1152 790 ἶ
1206 731 1366 806 piosus
1406 729 1632 786 ascendat
1660 753 1671 788 ;
1701 733 1752 784 ὃ(
1778 730 2107 783 ΒιΕυεεΑιῑῑ
2138 729 2212 791 (h
2234 730 2275 799 ),

1149 851 1152 871 ÷
1206 811 1238 866 fi
1269 812 1425 868 multa
1452 829 1583 883 aqua
1611 826 1736 881 opus
1770 806 1822 860 fit
1847 845 1863 868 ,
1885 807 2284 878 utextinguatur⁰

14 731 145 808 &eibos
172 735 218 779 in
255 733 420 780 Calcem
446 736 643 781 mundam
671 735 726 780 (φ
755 735 979 780 candidam
999 750 1088 782 mu-

15 811 122 846 cart.

284 870 317 921 S
340 880 371 916 c
395 879 430 915 H
451 885 484 917 0
507 878 539 917 L
561 880 579 917 1
599 880 634 918 o
657 879 695 916 N
747 866 819 917 II.

90 980 167 1025 67.
187 971 349 1018 Calcem
373 988 427 1018 ex
448 972 615 1019 conchis
634 972 793 1019 costam
814 973 999 1018 omnium
1020 981 1090 1031 op-
1149 994 1151 999 v

20 1042 171 1089 cimam
202 1039 374 1097 judicat
408 1041 704 1086 DusussART
732 1037 826 1096 (b)
855 1038 1000 1099 procul
1018 1041 1092 1083 du-

18 1105 90 1154 bio
124 1108 168 1153 in
191 1105 406 1159 struiiura
438 1120 683 1155 murorum3
710 1104 782 1162 sed
815 1107 987 1150 eandem
1015 1116 1093 1165 pa-

18 1308 164 1353 cedere
176 1304 304 1365 facit.

249 1373 696 1424 SCHoLloN
756 1371 863 1424 111.

96 1469 173 1513 68.
211 1463 285 1517 Est
307 1465 438 1510 etiam
457 1465 663 1525 quoddam
693 1463 831 1509 Calcis
845 1461 1009 1525 foffitiae
1024 1475 1097 1521 ge·

29 1547 136 1582 nus,
167 1533 275 1594 quod
295 1531 486 1576 humoris
513 1532 681 1591 pariter
707 1532 933 1591 impatiens
961 1531 1004 1574 in
1037 1529 1098 1574 lo-

26 1614 74 1645 co
88 1597 194 1656 sicco
217 1595 422 1655 asservari
449 1595 569 1642 debet
593 1601 647 1642 ἵν
659 1594 835 1655 successu
857 1597 1059 1656 temporis
1080 1627 1094 1649 ‚

31 1665 372 1711 GoLDMANNo
404 1660 464 1720 (d
485 1661 502 1722 )
528 1675 704 1709 notante
725 1694 739 1715 ‚
760 1665 1005 1709 induratur.

259 1750 293 1802 S
322 1767 352 1802 c
382 1766 416 1802 H
447 1767 483 1803 o
512 1766 543 1804 L
576 1766 594 1803 1
621 1767 657 1804 o
689 1766 727 1803 N
771 1754 792 1804 Ι
810 1754 875 1805 V.

95 1829 172 1883 69.
208 1829 456 1889 Antequam
489 1829 596 1888 saxa
628 1832 671 1876 in
701 1830 920 1889 fornacem
937 1830 1099 1875 immit-

24 1905 175 1941 tantur
195 1926 208 1945 ‚
239 1896 284 1940 in
312 1894 453 1954 frusta
500 1895 926 1957 diffringendasunt:
958 1912 1008 1941 ne
1026 1902 1100 1942 ae'r
1162 1885 1164 1910 ³

25 1963 69 2008 in
103 1959 366 2006 cavitatibus
385 1993 398 2013 ‚
433 1978 519 2024 quie
542 1959 720 2020 subinde
745 1966 790 2009 in
820 1966 874 2009 iis
911 1965 1100 2015 dantur,

26 2026 228 2082 oonclusus
251 2030 299 2073 vi
319 2028 473 2074 caloris
495 2031 679 2089 ingentis
702 2032 879 2075 nimium
898 2032 1101 2088 expansus
1163 2052 1166 2088 1

1164 2118 1167 2123 ’
1222 2096 1578 2160 commendat,
1604 2097 1636 2151 fi
1663 2117 1748 2168 per
1779 2113 1850 2154 10
1872 2102 1920 2151 δε
1953 2097 2118 2169 plures
2148 2108 2306 2149 annos

1165 2201 1168 2228 3
1222 2178 1432 2234 calcem
1467 2175 1760 2232 conservare
1790 2176 2028 2232 volueris.

1230 2274 1278 2313 1.
1305 2257 1407 2311 Fiat
1438 2273 1504 2308 ex
1533 2255 1690 2309 Calce
1723 2272 1890 2308 recens
1930 2256 2071 2308 coita
2110 2252 2307 2305 stratum

96 2334 171 2376 70.
210 2324 317 2370 Calx
353 2337 495 2371 autem
537 2327 617 2372 vix
661 2325 769 2383 satis
813 2337 1100 2388 excoquetur,
1165 2333 1167 2335 ’

24 2095 169 2166 eadem
189 2110 268 2140 non
280 2092 370 2154 fine
394 2097 545 2143 damno
567 2095 740 2157 fornaci
761 2094 990 2158 infligendo
1018 2097 1102 2142 dis-

21 2171 166 2220 Jtciat.

281 2228 314 2279 S
340 2243 370 2278 C
399 2242 431 2279 H
454 2247 486 2280 o
513 2244 541 2280 L
568 2247 582 2280 1
609 2247 640 2279 ο
663 2242 701 2280 N
767 2230 836 2282 V.

33 2390 108 2434 nit
137 2391 364 2438 intervallo
395 2397 453 2438 60
485 2393 687 2438 horarum
718 2392 856 2439 calore
881 2393 1102 2438 vehemen-

32 2456 177 2516 tiffimo
207 2470 454 2511 torreatur,
477 2461 721 2507 ALBERTO
753 2461 809 2507 θ
838 2464 1102 2506 PALLAmo

26 2521 241 2581 judicibus
272 2524 378 2582 (e).

13 2606 15 2614 '
235 2618 653 2669 PROBLEMA
736 2617 915 2669 VIII.

16 2704 17 2725 ³
62 2738 67 2746 ·
104 2727 199 2782 71.
246 2713 407 2770 Calais
438 2723 650 2771 virtutes
683 2724 981 2774 examinare.

310 2796 353 2847 R
379 2810 407 2846 E
438 2811 459 2847 s
484 2813 519 2847 o
541 2810 573 2848 Ι.
607 2810 641 2846 U
668 2812 702 2846 T
731 2810 750 2848 1
778 2815 827 2848 ο.

105 2867 278 2926 'Calcis
328 2872 490 2943 probe
526 2874 678 2926 cocstae
724 2872 906 2928 indicia
954 2871 1101 2928 tradit
1162 2917 1164 2919 .

122 2983 215 3028 (ιο)
243 2988 328 3028 Lib.
360 2992 416 3029 ΙΙ.
447 3003 480 3030 c.
518 2996 587 3029 11.‘;

125 3034 209 3080 (a)
243 3038 329 3078 Lib.
361 3044 393 3079 1.
427 3053 461 3080 c.
490 3048 525 3086 ς.

121 3084 209 3129 (b)
237 3087 322 3128 Lib.
357 3092 389 3130 Ι.
426 3102 460 3130 c·
484 3101 521 3133 7.
545 3087 574 3128 f.
599 3090 655 3132 18·

120 3134 205 3179 (ο)
230 3137 315 3177 Lib.
354 3141 386 3178 1.
416 3153 447 3179 c.
475 3140 572 3186 17.f.
595 3145 658 3179 62.

121 3184 198 3232 (d)
225 3187 310 3227 Lib.
347 3191 378 3228 1.
408 3202 441 3230 c.
467 3199 525 3237 17.
540 3189 567 3229 f.
581 3193 646 3234 68.
667 3187 743 3236 (e)
764 3190 856 3231 Loc.
873 3191 940 3234 cit.

95 3267 236 3331 Wolfia'
266 3274 395 3337 Oper·
416 3275 634 3327 Mathem.
666 3277 802 3327 Tom.
828 3280 918 3325 1V.

909 141 1046 197 DE
1149 124 1748 195 MATERIA.

2175 142 2290 203 297

1207 268 1469 322 Acssfxrr
1497 266 1638 338 (f),
1663 264 1696 318 si
1714 261 1926 336 gravitas
1944 261 2037 317 faxi
2063 259 2128 317 ad
2162 261 2284 316 Cal-

1206 363 1314 399 cem
1345 345 1575 398 habuerit
1613 344 1850 396 rationem
1887 340 2282 413 sesquialteram3

1208 421 1393 489 fiCalx
1432 421 1577 476 fuerit
1619 418 1868 481 candida,
1904 420 2023 472 levis
2060 422 2108 471 &
2146 416 2290 471 sono-

1206 518 1259 554 ra
1317 521 1331 558 ;
1375 500 1405 553 fi
1438 500 1672 553 exstindta
1719 497 2012 567 receptaculi
2060 496 2291 549 lateribus

1205 656 1338 728 (g),
1371 656 1401 709 fi
1421 654 1570 716 ,dum
1599 654 1920 725 exstinguitur
1942 690 1958 714 ‚
2011 651 2172 706 fumus
2208 671 2287 705 co-

1461 911 1501 961 P
1522 923 1556 960 R
1576 924 1611 961 o
1634 924 1659 960 B
1679 921 1710 960 L
1735 920 1760 959 Ε
1781 922 1821 959 Μ
1845 920 1879 956 A
1922 907 2019 957 IX.

1285 1020 1378 1075 72.
1423 1004 1612 1063 Calcem
1644 1024 1732 1080 per
1762 1009 1932 1080 plures
1988 1022 2138 1058 annos
2189 1020 2285 1055 com

1153 1143 1156 1153 ᾖ
1194 1086 1418 1159 ſsrvare.

17 1188 118 1220 rum
151 1172 310 1234 probat
351 1172 714 1216 GoLDMANNus
738 1174 749 1223 (
774 1172 867 1228 c),
896 1173 997 1233 quia
1018 1171 1095 1216 hu·

21 1241 152 1287 moris
183 1240 410 1298 impatiens
437 1237 618 1285 tettoria
640 1235 714 1294 sub
735 1240 803 1284 dio
820 1233 845 1283 >z
865 1239 999 1285 muris
1017 1235 1095 1293 defi
1155 1257 1159 1307 ἑ
1220 1289 1240 1330 1
1313 1273 1446 1327 calx
1472 1273 1788 1344 extinguunt
1829 1275 1879 1324 ἃ
1919 1267 2169 1323 subioatur

1156 1318 1158 1321 .
1255 1315 1264 1326 .
1681 1310 1693 1326 ι
2025 1312 2055 1341 0
2173 1307 2186 1321 .

1156 1361 1159 1365 '
1218 1364 1268 1409 2.
1292 1355 1496 1406 Paretur
1512 1349 1661 1404 fovea
1686 1352 1806 1402 intra
1834 1365 2013 1402 terram
2032 1385 2045 1409 ‚
2082 1347 2127 1398 in
2155 1361 2306 1413 quam

1483 1177 2025 1232 RfisoLurlo.

1335 1448 1421 1502 per
1455 1428 1682 1483 foramen
1720 1429 1768 1481 in
1813 1425 1971 1480 fundo
2012 1422 2307 1497 receptaculi

1337 1522 1562 1579 apertum
1610 1507 1812 1560 defluat.

1157 1590 1159 1596 '
1225 1598 1274 1650 3.
1305 1583 1531 1653 Quando
1566 1584 1717 1638 fovea
1751 1581 1899 1638 fuerit
1924 1581 2070 1651 plena
2103 1599 2117 1637 ;
2159 1593 2307 1631 arena

1336 1664 1519 1716 obruta
1546 1679 1773 1735 tegatur,
1795 1679 1856 1713 ne
1890 1658 2158 1713 exficcetur
2182 1693 2197 1718 ,
2223 1653 2306 1709 sed

1338 1741 1542 1794 humida
1561 1738 1864 1814 perseveret,
1892 1738 2056 1792 donec
2080 1735 2142 1787 ad
2161 1735 2305 1786 struc-

1336 1833 1498 1873 turam
1546 1820 1624 1873 vel
1673 1818 1939 1872 teetorium
1989 1814 2302 1870 adhibeatur.

1663 1914 1846 1970 Aliter.

1301 2020 1689 2076 floreamus
1717 2019 1815 2089 (i)
1848 2021 1975 2074 hanc
2012 2014 2306 2072 methodum

1339 2335 1469 2386 duos
1504 2334 1705 2386 vel-tres
1730 2331 1885 2404 pedes
1928 2332 2096 2385 altum.

1163 2396 1167 2465 Ιξ
1227 2425 1276 2470 2.
1303 2412 1559 2464 Obruatur
1603 2428 1751 2464 arena
1793 2409 1897 2464 five
1941 2407 2116 2463 soffitia
2142 2445 2157 2470 ,
2205 2404 2306 2458 five

1342 2489 1563 2542 fluviatili
1617 2489 1679 2542 ad
1738 2488 2047 2544 altitudinem
2089 2485 2306 2541 duorum

1345 2569 1421 2620 vel
1448 2568 1591 2620 trium
1621 2566 1821 2640 pedum.

1229 2661 1278 2714 3.
1305 2643 1610 2701 Affundatur
1661 2663 1802 2713 aquae
1844 2641 2076 2699 sufficiens
2115 2640 2257 2714 copia
2280 2674 2295 2702 ,

1348 2740 1401 2778 ut
1430 2726 1561 2778 Calx
1597 2725 1948 2795 extinguatur,
1980 2721 2182 2775 minime
2217 2736 2298 2771 au-

1346 2819 1446 2857 tem
1476 2804 1546 2856 ob
1582 2801 1829 2856 defectum
1869 2799 2090 2854 humoris
2114 2837 2131 2862 ,
2170 2796 2298 2870 post-

1342 2898 1493 2953 quam
1528 2879 1757 2943 incaluit,
1792 2881 1840 2935 in
1877 2879 2135 2954 pulverem
2175 2891 2296 2930 con·-

1343 2974 1580 3014 vertatur.

2028 3049 2082 3096 4.
2111 3026 2299 3106 Qodfi

1321 3137 1402 3191 (f)
1431 3141 1514 3183 Lib.
1535 3144 1587 3182 11.
1607 3155 1642 3182 c.
1677 3141 1787 3181 tn&
1822 3140 1909 3181 Lib.
1937 3111 2008 3180 III.
2032 3149 2067 3175 c.
2102 3147 2140 3190 4

1322 3191 1402 3241 (g)
1432 3194 1471 3231 in
1497 3204 1581 3232 not.
1606 3192 1650 3232 ad
1673 3192 1814 3230 Pallad.
1835 3190 1919 3231 Lib.
1942 3192 1970 3229 1.
2001 3201 2035 3228 c.
2057 3196 2093 3242 ς.

1324 3242 1399 3290 (b)
1430 3241 1500 3285 Lib
1523 3245 1557 3283 1.
1584 3255 1616 3283 c.
1647 3253 1684 3291 7.
1702 3238 1734 3283 f.
1755 3244 1811 3286 ¹8.
1838 3239 1919 3288 (i)
1942 3240 2020 3286 loc.
2048 3246 2116 3280 czt.

1705 3041 1797 3110 Pp
