2641 3687
305 141 392 222 86
815 137 2070 211 PRAEFATJO.

304 288 437 361 ficit
488 286 647 360 mihi
714 314 784 360 ea
835 291 1169 385 exposuisse
1207 343 1224 366 ‚
1297 317 1438 387 quae
1495 290 1972 363 Mathematicae
2028 293 2169 362 sunt
2222 293 2576 368 considera-

301 393 495 465 tionis
570 397 640 464 δε
715 419 1000 490 quorum
1078 420 1200 488 ope
1272 419 1346 463 ex
1427 393 1884 466 Monumentis
1961 421 2251 468 veterum
2323 397 2575 472 diversae

301 497 469 567 Anni
533 497 759 567 formae
807 521 999 593 atque
1051 497 1326 590 Epochae
1395 499 1564 588 apud
1601 499 1894 570 'diversas
1964 507 2203 571 Gentes
2274 501 2573 572 constitui

300 599 555 696 poffunt
586 654 602 678 ‚
657 600 933 671 aliorum
988 599 1113 669 fide
1154 599 1272 669 hac
1319 599 1584 698 quidem
1639 602 1777 673 vice
1830 597 1864 670 ἐι
1919 604 2107 673 nobis
2157 629 2574 674 commemo-

299 703 528 777 randae.
638 704 890 774 Suadeo
942 727 1160 773 autem
1190 757 1204 778 ‚
1265 727 1334 772 ut
1382 702 1521 801 quis
1569 703 2058 803 Algorithmum
2114 706 2446 805 vulgarem
2490 733 2569 778 ex

297 807 715 880 Arithmctica
763 805 1034 876 addiscat
1087 812 1157 876 ὃς
1213 808 1523 877 terminos
1581 809 1898 904 quosdam
1953 810 2442 882 Astronomicos
2490 836 2563 881 ex

293 911 502 1007 prima
545 909 883 1007 praesertim
925 910 1350 982 Astronomiae
1402 932 1577 1006 parte
1631 937 1759 982 una
1813 939 1966 985 cum
2022 913 2399 985 Globorum
2453 915 2564 984 usu

292 1015 409 1086 fibi
461 1013 797 1087 familiares
845 1010 1111 1090 reddat,
1183 1037 1531 1113 antequam
1585 1015 1665 1085 ad
1716 1014 1848 1086 haec
1904 1015 2371 1113 Chronologiae
2433 1015 2566 1088 Ele-

294 1143 515 1189 menta
569 1116 945 1216 perlegenda
1010 1117 1285 1188 accedat.
1394 1116 1561 1189 Alias
1628 1119 1802 1189 enim
1869 1118 2134 1191 obscura
2185 1118 2572 1191 videbuntur

298 1227 370 1292 δε
426 1220 701 1293 difficilia
737 1269 755 1297 ‚
820 1246 962 1318 qua:
1023 1247 1234 1291 revera
1284 1222 1600 1317 perspicua
1663 1250 1735 1293 ac
1792 1220 1975 1317 plane
2040 1223 2232 1295 deia
2295 1223 2578 1296 existunt.

297 1333 398 1398 De
442 1324 911 1423 Chronologiae
960 1325 1228 1396 utilitate
1285 1348 1357 1395 ut
1403 1326 1660 1403 dicam,
1713 1351 1876 1420 opus
1929 1352 2064 1396 non
2121 1328 2245 1396 est:
2319 1327 2572 1397 dudum

296 1430 471 1501 enim
510 1452 827 1527 agnovere
865 1427 996 1498 Viri
1038 1427 1307 1523 praeclari
1338 1482 1352 1505 ‚
1397 1428 1921 1529 Chronologiam
1964 1428 2236 1501 alterum
2275 1430 2391 1501 effe
2433 1432 2567 1501 Hui

297 1533 475 1603 toriae
514 1531 817 1609 oculum,
870 1530 954 1601 ita
1008 1556 1079 1601 ut
1121 1532 1417 1603 Historici
1466 1532 1903 1603 consummati
1944 1532 2206 1604 titulum
2257 1559 2394 1604 non
2435 1560 2565 1604 rne-

296 1660 502 1709 reatur
541 1633 961 1734 Geographiae
993 1661 1063 1704 ac
1107 1634 1577 1735 Chronologiae
1609 1637 1776 1709 rudis
1805 1660 1996 1734 atque
2040 1637 2311 1736 ignarus,
2356 1639 2562 1710 Usum

296 1741 491 1811 etiarn
552 1742 781 1832 praebet
836 1737 1198 1838 Theoiogis
1261 1766 1415 1810 cum
1461 1741 1526 1809 in
1582 1740 1910 1835 Scripturae
1965 1739 2348 1835 quibusdam
2408 1739 2561 1812 locis

295 1843 811 1937 interpretandis,
869 1862 1013 1913 tum
1063 1844 1126 1914 in
1177 1844 1467 1915 Historiae
1514 1843 1941 1920 Ecclefiasticae
1984 1845 2209 1915 Studio
2278 1844 2392 1916 rite
2434 1871 2564 1941 per-

292 1945 649 2018 tractanda

2340 3267 2556 3336 ΕΒΗ-ἑ
