2641 3687
305 166 415 223 196

302 283 432 339 circa
478 294 701 337 centrum
747 298 968 338 vertatur
993 321 1010 346 ,
1055 280 1222 339 donec
1260 283 1381 339 Stel-

298 362 399 416 lam
449 360 738 416 lucidiorem
773 362 1131 433 postremarum
1159 363 1207 416 in
1240 361 1382 416 Plau-

297 440 400 495 stro
446 439 640 494 minore
686 441 936 512 attingat;
979 439 1203 495 dentium
1257 440 1382 495 inter

298 520 525 590 regulam
574 523 625 573 &
673 519 979 574 denticulum
1025 521 1269 588 majorem
1311 520 1382 572 in-

296 612 546 670 terceptus
599 615 833 653 numerus
889 596 1066 652 horam
1130 596 1383 672 quaefitam

299 673 560 734 indicabit.

497 805 1178 861 DBMONSTRA‘HO.

375 935 516 989 Cum
556 935 688 988 enim
722 933 873 988 Stella
917 930 1099 1005 polaris
1148 931 1202 986 fit
1251 932 1380 988 Polo

295 1012 445 1068 valde
478 1013 635 1066 vicina
659 1051 673 1075 ,
718 1012 750 1065 fi
786 1031 895 1065 eam
936 1029 1022 1081 per
1059 1011 1284 1066 foramen
1327 1014 1377 1065 G

294 1089 605 1163 respicimus³
628 1092 869 1145 diameter
894 1090 1205 1143 Instrumenti
1239 1091 1381 1144 ΑΕΒ

292 1170 363 1224 est
398 1171 445 1223 in
476 1168 800 1234 Meridiano,
838 1165 994 1240 ipsum
1031 1185 1154 1221 vero
1192 1169 1368 1223 Instru-

287 1263 512 1303 mentum
544 1249 592 1299 in
629 1248 788 1300 Plano
830 1245 1211 1317 AEquinodstiali,
1255 1248 1372 1319 quia

286 1324 455 1381 radius
498 1342 562 1377 ex
613 1325 769 1379 Stella
811 1323 974 1377 Polari
1022 1321 1086 1375 ad
1146 1342 1372 1379 centrum

287 1403 465 1459 duetus
484 1441 505 1468 ,
549 1403 647 1457 hoc
693 1405 762 1457 est
786 1441 803 1467 ,
849 1402 974 1456 Axis
1013 1403 1185 1459 mundi
1211 1407 1280 1458 est
1307 1404 1370 1458 ad

286 1479 442 1558 ipsum
475 1481 893 1558 perpendicularis
917 1483 1005 1555 (§.
1025 1495 1097 1548 49
1117 1482 1310 1554 Astron.
1324 1486 1368 1550 ).

606 153 1289 212 -‘ELEMENTA
1369 152 2139 243 GNOMONICAE:

1500 287 1757 357 Qioniam
1803 288 1937 344 adeo
1976 286 2136 340 Stellae
2184 303 2448 343 moventur
2492 304 2584 361 per

1499 366 1710 436 aequales
1747 368 1953 440 angulos
1985 366 2112 418 circa
2146 383 2369 420 centrum
2404 368 2583 422 Instru-

1500 444 1654 496 menti
1706 448 1755 499 G
1798 446 2069 517 aequalibus
2117 460 2400 516 temporum
2435 446 2580 499 inter-

1500 520 1678 579 valli53
1722 525 1894 596 regula
1942 522 2145 576 Stellam
2193 525 2441 595 attingens
2489 526 2580 577 ab-

1498 596 1671 653 scindit
1712 602 1989 655 distantiam
2038 600 2202 654 Stellae
2258 601 2508 655 horariam
2556 604 2586 655 it

1503 678 1801 733 meridiano.
1889 677 2085 751 Quodsi
2135 675 2442 743 denticulum
2497 679 2592 732 ho·

1500 773 1562 809 rae
1611 757 1922 812 duodecimae
1968 758 2028 810 ad
2080 757 2231 810 Diem
2279 756 2460 812 Mentis
2507 757 2589 814 vel

1498 835 1667 888 locum
1725 839 1858 891 Solis
1922 839 1968 888 in
2032 835 2258 888 zodiaco
2306 835 2521 890 adducas
2571 855 2585 892 ς

1498 931 1729 967 numerus
1779 915 2145 969 denticulorum
2195 916 2320 968 inter
2369 932 2480 968 eum
2531 919 2585 971 8<

1495 993 1809 1046 manubrium
1847 994 2146 1063 interceptus
2180 994 2360 1063 prodet
2402 995 2576 1048 horam

1493 1071 1713 1124 Solarem
1741 1110 1757 1134 ,
1811 1090 1910 1143 qua
1958 1072 2108 1124 Stella
2156 1071 2265 1141 post
2311 1072 2480 1125 Solem
2513 1073 2576 1127 ad

1485 1149 1827 1203 ‘Meridianum
1874 1150 2084 1204 accedit,
2144 1154 2399 1204 Numerus
2443 1152 2577 1205 adeo

1490 1229 1859 1282 denticulorum
1905 1228 2032 1282 inter
2073 1228 2354 1300 longiorem
2404 1231 2453 1281 &
2500 1249 2572 1284 re-

1489 1308 1656 1379 gulam
1704 1305 1786 1360 seu
1816 1307 2017 1361 Stellam
2047 1345 2063 1371 ‚
2100 1307 2168 1360 est
2214 1325 2445 1361 numerus
2479 1309 2573 1360 ho-

1489 1404 1653 1440 rarum
1698 1384 1944 1441 Solarium
1978 1383 2006 1439 a
2055 1385 2261 1439 mefidie
2292 1388 2376 1443 vel
2409 1387 2575 1442 media·

1487 1467 1634 1521 noete
1674 1462 1964 1540 elapsarum.
2047 1462 2111 1533 Q.
2139 1466 2267 1539 ‘’zd-

1180 1677 1682 1733 FINIS,

992 1913 996 1917 .
1040 1842 1410 1916 Elementorum
1477 1841 1803 1900 Gnamonicaea

2361 3289 2575 3363 ELEss
