2641 3687
319 158 346 198 Ἰ
362 147 434 199 66

435 283 516 324 tur
554 265 889 324 occidentale
923 271 1130 341 (§.68);
1167 274 1227 345 in}
1253 277 1412 336 Plano

433 347 668 422 opposito
691 350 951 405 Orientale
985 353 1182 423 (§.66).

316 455 513 524 Quodfi
557 460 813 512 Truncum
856 459 925 514 ita
977 463 1245 516 constituas
1280 502 1297 527 ,
1354 480 1409 519 ut

316 536 528 588 Planum
559 537 685 590 MN
705 539 798 591 KL
840 540 1077 594 Austrum
1105 542 1326 614 respiciat
1355 549 1405 599 ὃς

315 612 526 669 Planum
560 614 828 669 Meridiani
860 635 974 671 cum
1011 616 1233 674 bifariam
1280 618 1404 676 secet

315 709 404 762 per
442 692 648 747 Lineam
689 696 843 748 Horae
883 695 1196 751 duodecimae
1236 703 1402 753 Horo-

311 770 568 842 logiorum
601 773 942 828 Horizontalis
978 777 1176 832 ABCD
1210 782 1259 832 &
1293 779 1400 832 Me-

704 139 1331 203 ELEMENTA
1415 149 2194 210 GNOMONICAE.'

1522 278 1774 335 ridionalis
1814 283 2044 338 MNKL,·
2083 281 2219 336 horae
2253 280 2351 336 fflei
2375 283 2593 344 artificia.

1521 357 1578 411 Iis
1613 378 1785 414 omnes
1825 361 2000 433 quavis
2046 362 2181 415 Anni
2219 366 2503 433 tempestate
2548 368 2597 424 in

1519 436 1742 508 pluribus
1768 439 1928 494 Planis
1955 456 2050 493 una
2076 438 2447 496 indicabuntur.

1847 543 2284 596 SCHoLION.

1584 669 1610 709 7
1622 668 1662 712 5.
1681 655 1759 700 Me
1774 669 1855 700 non
1874 665 2067 700 monente
2086 653 2184 700 hinc
2200 654 2474 716 intelligitur,
2492 669 2590 717 quo-

1515 724 1636 767 modo
1648 719 1752 779 fieri
1766 722 1914 782 possint
1935 722 2096 766 Trunci
2116 722 2210 773 alii,
2229 724 2303 783 qui
2320 725 2399 769 duo
2415 721 2484 767 vel
2498 722 2593 783 plu-

1515 802 1566 833 ra
1589 789 1827 848 Horologia
1848 788 2065 849 primaria
2095 789 2198 833 data
2220 790 2407 850 recipere
2420 792 2590 850 possent.

1481 916 2486 932 n————————*
2495 919 2590 933 —

1066 1023 1128 1088 'C
1194 1022 1251 1088 A
1317 1023 1360 1087 P
1428 1020 1495 1086 U
1561 1020 1621 1084 T
1766 1018 1867 1083 ΙΙ.

773 1174 880 1242 De
954 1169 1304 1270 Horologiis
1367 1163 1678 1240 Solaribus
1724 1164 2135 1260 ſscuna'ariis.

539 1329 992 1383 DEFINITIO
1063 1326 1202 1380 XII.

321 1449 419 1507 76.
450 1434 596 1584 H
617 1438 844 1509 Orologia
887 1438 1207 1491 Declinamiae
1249 1435 1355 1492 sunt
1380 1478 1398 1504 ,

615 1533 722 1587 quae
741 1515 817 1569 vel
844 1515 1052 1569 Planum
1076 1516 1267 1570 Circuli
1295 1536 1401 1572 ver-

318 1593 480 1648 ticalis
522 1594 771 1665 primarii,
804 1594 884 1647 vel
920 1595 1124 1648 Planum
1154 1598 1400 1652 Horizon-

318 1673 416 1728 tale
441 1673 508 1727 'ad
533 1672 766 1746 angulum
794 1672 1058 1746 obliquum
1086 1670 1267 1730 secant.

615 1779 1109 1832 ScHoLION.

384 1890 464 1931 77.
499 1877 673 1944 Qodsi
705 1882 989 1942 concipiamus
1019 1880 1202 1928 Planum
1231 1881 1401 1929 Circuli

316 1946 544 1993 verticalis
574 1948 779 2008 primarii
814 1949 928 1993 circa
959 1948 1115 1996 rectam
1152 1965 1206 1995 ex
1237 1950 1400 1997 Zenith

315 2015 364 2061 in
393 2014 548 2059 Nadir
563 2014 731 2060 dottam
753 2017 895 2061 rotari
916 2014 1223 2079 aliquantisper
1241 2039 1256 2070 ;
1300 2019 1399 2063 Pla-

315 2096 416 2126 num
447 2082 602 2126 evadet
622 2080 837 2126 declinans
857 2113 871 2134 ,
899 2098 974 2128 nec
1000 2083 1186 2145 amplius
1211 2084 1238 2129 a
1258 2086 1400 2130 Meri-

314 2149 475 2199 diano,
499 2147 571 2203 Jed
607 2146 633 2191 cl
671 2148 839 2194 Circulo
871 2152 1052 2212 quodam
1084 2151 1288 2198 verticuli
1322 2164 1401 2214 per

315 2213 462 2276 plagas
481 2216 756 2261 intermedias
775 2219 1018 2273 transeunte
1043 2220 1097 2263 ad
1115 2219 1291 2279 angulos
1311 2235 1400 2276 ree-

312 2294 385 2329 tos
409 2279 641 2339 fiecabitur.
711 2284 867 2329 Eodem
901 2286 1021 2331 modo
1047 2285 1229 2332 Planum
1262 2286 1400 2333 Hori-

318 2349 501 2399 zontale
538 2347 796 2400 declinabit,
822 2349 858 2408 si
891 2353 1003 2397 circa
1042 2355 1225 2400 Lineam
1258 2356 1399 2401 Meri-

318 2418 495 2462 dianam
527 2417 881 2463 circumvolutum
901 2418 1040 2465 altera
1055 2419 1122 2477 sui
1148 2432 1274 2482 parte
1301 2433 1398 2468 tan-

319 2482 449 2544 tisper
473 2482 618 2538 versus
651 2485 813 2530 Zenith
844 2486 1103 2541 attollatur,
1137 2492 1278 2535 altera
1296 2505 1400 2537 vero

321 2548 465 2609 versus
493 2551 647 2596 Nadir
667 2553 949 2614 deprimatur.

529 2637 967 2691 DEFINITIO
1025 2637 1184 2691 XIII.

408 2750 504 2808 78.
537 2739 804 2815 Horologia
831 2742 1078 2797 Inclinata
1110 2739 1250 2808 sunt,
1288 2761 1403 2816 quae

326 2819 639 2875 delineantur
675 2820 722 2873 in
762 2821 922 2874 Planis
967 2818 1128 2874 versus
1169 2823 1402 2877 Austrum

327 2899 568 2952 inclinatis
592 2896 682 2952 sub
717 2899 903 2971 angulo
929 2901 1116 2966 majore
1142 2901 1224 2954 vel
1248 2903 1402 2956 mino-

329 2994 413 3042 re,
443 2995 593 3051 quam
620 2977 826 3032 Planum
852 2978 1234 3051 AEquinoeciale.

622 3084 1112 3140 SCHOLION.

397 3197 478 3242 79.
510 3180 784 3229 Habebimus
815 3163 994 3230 Planum
1028 3183 1258 3242 istiusmodi
1283 3187 1406 3236 incli-

325 3262 503 3305 natum,
521 3249 560 3311 fi
587 3250 773 3298 Planum
794 3253 1051 3316 AEquatoria
1072 3254 1212 3303 altera
1224 3255 1293 3315 sui
1307 3269 1410 3320 par-

1522 1333 1567 1368 te
1590 1318 1734 1378 versus
1763 1320 1924 1368 Zenith
1951 1321 2123 1371 attolli,
2155 1320 2296 1368 altera
2324 1338 2429 1370 vero
2457 1324 2596 1382 verfius

1521 1389 1675 1435 Nadir
1695 1389 1878 1449 deprimi
1904 1390 2213 1450 concipiamus,
2245 1391 2596 1439 circumvolutum

1516 1457 1631 1502 circa
1670 1456 1853 1500 Lineam
1883 1470 1937 1500 ex
1964 1456 2136 1500 cardine
2158 1457 2350 1504 Orientis
2382 1460 2429 1504 in
2463 1461 2598 1506 cardi-

1516 1538 1611 1569 nem
1635 1523 1879 1567 Occidentis
1906 1523 2089 1568 ductam.

1702 1610 2208 1664 DEFINITIO
2264 1614 2429 1668 XIV.

1597 1721 1686 1770 80.
1727 1708 2002 1784 Horologia
2028 1712 2295 1774 Reclinata
2322 1712 2426 1769 sunt
2452 1734 2467 1777 5
2495 1732 2601 1788 quae

1514 1788 1823 1843 delineantur
1850 1790 1895 1842 in
1921 1791 2079 1844 Planis
2109 1791 2270 1846 versus
2297 1797 2508 1846 Boream
2538 1795 2601 1846 in·

1515 1868 1702 1921 clinans
1751 1869 1941 1935 majore
1992 1871 2072 1922 vel
2118 1872 2315 1928 minore
2365 1871 2553 1945 angulo
2579 1908 2597 1936 ,

1514 1964 1664 2020 quam
1694 1946 1899 2000 Planum
1933 1949 2127 2004 Polare.

1814 2044 2292 2098 SCHoLION.

1585 2142 1663 2186 81.
1705 2138 1892 2185 Planum
1924 2137 2199 2185 Reclinatum
2243 2135 2528 2191 habebimus,
2564 2136 2599 2196 fi

1516 2209 1702 2251 Planum
1722 2206 1876 2252 Polare
1891 2205 2030 2251 altera
2043 2205 2113 2263 sui
2127 2217 2256 2268 parte
2278 2205 2421 2263 versus
2439 2204 2597 2251 Zenith

1513 2273 1686 2324 attolli,
1727 2273 1871 2320 altera
1909 2288 2013 2318 vero
2051 2273 2198 2332 versus
2233 2273 2388 2319 Nadir
2419 2272 2597 2334 deprimi

1513 2342 1745 2401 cogitemus
1764 2374 1778 2392 ,
1806 2352 2012 2401 gyratam
2036 2352 2181 2402 nempe
2211 2342 2325 2386 circa
2355 2339 2509 2386 lineam
2542 2352 2594 2384 ex
2628 2363 2629 2368 =

1511 2410 1685 2453 cardine
1737 2409 1928 2454 Orientis
1978 2409 2024 2454 in
2082 2409 2299 2454 cardinem
2356 2406 2590 2454 Occidentis

1510 2473 1694 2521 duffiam.

1730 2555 2178 2608 DEFINITIO
2244 2553 2375 2606 XV.

1598 2631 1687 2709 82‘.
1713 2649 1983 2724 Horologia
2001 2651 2317 2705 Deinclinata
2340 2644 2464 2714 sunt,
2483 2664 2590 2722 quae

1517 2733 1568 2784 &
1598 2729 1852 2783 declinant
1877 2767 1893 2793 ,
1932 2733 1983 2783 &
2008 2730 2303 2785 inclinantur
2331 2732 2416 2785 vel
2455 2726 2590 2783 recli-

1515 2825 1710 2863 nantur-

1760 2890 2243 2944 SCHOLION
2306 2887 2347 2940 1.

1589 2987 1661 3041 83.
1699 2985 1912 3027 Ponamus
1944 2979 2125 3028 Planum
2145 2981 2318 3044 aliquod
2332 2977 2476 3036 secare
2501 2977 2589 3024 Cir-

1519 3050 1658 3097 culum
1683 3049 1934 3095 verticalem
1954 3050 2215 3111 primarium
2237 3044 2313 3101 sub
2333 3046 2482 3107 angulo
2505 3047 2587 3104 300·

1520 3120 1575 3166 &⁸
1613 3115 1800 3162 Planum
1838 3116 2131 3166 Horizontale
2165 3113 2245 3174 sub
2279 3115 2432 3176 angulo
2470 3117 2557 3164 24⁰
2573 3138 2587 3162 2

1521 3184 1760 3231 elevatione
1780 3184 1880 3231 Poli
1902 3182 2108 3237 existente
2126 3185 2337 3245 graduum
2356 3188 2474 3239 52⁰3
2500 3180 2590 3224 Ho-

1523 3251 1731 3313 rologium
1772 3253 1817 3297 in
1854 3253 1932 3299 hoc
1965 3255 2104 3301 Plano
2139 3249 2397 3299 delineatum
2431 3248 2592 3292 dicetur

1523 3319 1867 3370 Deinclinatum.
2439 3315 2593 3359 Seno-

1905 3449 1936 3471 Ο
