2641 3687
338 136 457 218 Cap.
508 142 548 196 1.

67 281 120 333 4.
164 269 428 342 Postquam
457 270 506 324 in
538 288 713 343 prunas
753 269 946 330 abiere,
994 285 1123 324 terra

177 347 450 401 madefacta
500 349 876 420 cooperiantur,
925 361 977 399 ut
1010 347 1122 418 igne

174 422 413 479 suffocato
442 427 703 480 Carbones
742 423 1076 495 relinquantur
1100 463 1117 488 ,

173 500 202 554 ὲ
227 500 451 556 sordibus
477 502 732 574 purgandi.

62 591 109 648 ⁶5.
151 582 300 634 Terra
324 579 351 633 ὲ
379 582 699 634 Carbonibus
736 598 837 633 non
867 597 1118 633 removea-

168 672 275 718 tur,
321 657 405 710 nifi
456 671 526 718 24
575 659 706 711 horis
755 655 960 728 elapiiS‚
1011 676 1113 720 ne,

167 734 335 787 calore
372 735 593 788 nondum
631 731 818 805 prorsus
858 734 1113 799 extincto,

165 811 212 863 in
242 812 403 866 libero
438 816 547 866 aere
569 813 732 884 ignem
757 811 925 866 denuo
950 814 1112 867 conci-

160 905 312 961 piant.

486 963 665 1022 Aliter.

122 1064 170 1120 Si
203 1063 382 1136 exigua
417 1063 714 1119 Carbonum
745 1062 990 1136 quantitas
1019 1061 1107 1117 de-

43 1143 289 1204 fiderettm

53 1255 96 1298 1.
122 1239 276 1312 Ligna
299 1275 315 1300 ,
356 1254 463 1309 quae
489 1233 840 1290 carbonescere
874 1236 1061 1291 debent
1085 1275 1101 1301 ‚

157 1318 205 1370 in
239 1314 517 1369 fasciculum
543 1315 747 1368 collecta
782 1315 888 1368 luto
916 1316 995 1368 vel
1030 1334 1101 1369 ar-

164 1394 279 1466 gilla
309 1391 621 1446 obducantur
651 1395 702 1446 ὃς

45 1486 92 1533 2.
119 1476 206 1527 Per
234 1469 440 1543 aliquod
463 1470 694 1539 temporis
717 1469 889 1538 (unius
909 1469 1099 1524 circiter

151 1548 325 1618 horae)
356 1546 665 1601 intervallum
692 1548 792 1620 igni
818 1549 1096 1603 vehementi

150 1642 493 1680 immittantur.

39 1719 87 1772 3,
113 1704 239 1760 Inde
275 1704 360 1757 ubi
396 1703 610 1755 extracsta
649 1699 826 1756 fuerint
864 1742 880 1766 ,
923 1705 1094 1776 argilla

146 1783 226 1836 vel
265 1783 421 1834 lutum
466 1782 706 1834 removeri
758 1800 857 1833 non
907 1782 1090 1846 debet,

145 1876 410 1930 antequam
426 1855 675 1929 frigefatsta
701 1857 897 1921 fuerint,
927 1861 995 1913 ob
1021 1879 1093 1915 ra-

145 1938 335 1993 tionem
355 1935 502 2007 paulo
534 1951 645 1988 ante
676 1936 954 1991 indicatam.

282 2018 828 2087 SCH0L10N⁰L

101 2150 173 2190 14.
207 2138 253 2184 Si
289 2134 533 2196 Corylorum
558 2137 612 2183 ἵν
650 2137 832 2185 Salicum
862 2140 981 2199 copia
1020 2141 1091 2184 de-

25 2203 208 2263 fecerit,
250 2199 512 2249 carbonibus
557 2203 706 2250 Alneis
736 2240 749 2255 ,
824 2206 1088 2256 fraxineis,

28 2271 226 2332 Populeis
243 2302 258 2321 ‚
290 2269 493 2314 Tiliaceis
512 2299 525 2319 ‚
557 2271 682 2315 immo
705 2273 750 2316 in
772 2271 860 2327 casu
881 2273 1086 2333 neceffita-

26 2338 84 2384 tis
101 2339 231 2384 etiam
248 2333 532 2382 communibus
562 2349 754 2382 utuntur.

282 2426 687 2477 SenoLtoN
741 2427 811 2479 ΙΙ.

89 2536 107 2568 1
121 2536 162 2578 5.
199 2524 421 2567 Caeduntur
439 2535 580 2567 autem
606 2523 719 2583 ligna
737 2523 867 2580 mense
887 2522 1010 2584 Majo
1026 2525 1081 2572 &¹

17 2587 183 2647 Junio,
203 2601 252 2635 ut
261 2587 394 2648 facile
415 2591 670 2636 decorticari
692 2603 861 2652 queant.

232 2679 689 2730 ScHoLION
748 2680 856 2731 ΙΙΙ.

83 2783 154 2826 16.
191 2782 402 2827 Nonnulli
443 2784 648 2830 Fornaces
673 2784 948 2835 carbonarias
971 2786 1079 2845 confi

17 2855 194 2898 truunt;
232 2849 281 2893 de
302 2846 451 2910 quihus
485 2849 782 2899 Bucam-:Rus
821 2852 903 2913 (b)
927 2854 1080 2912 consuli

11 2911 158 2971 potest.
177 2916 189 2928 '
227 2916 438 2972 Optimum
467 2915 522 2967 esi
541 2947 553 2969 ‚
568 2915 603 2974 si
615 2916 744 2975 fovea·
775 2922 892 2965 intra
914 2934 1078 2967 terram

16 2973 153 3036 effoffcg
178 2979 291 3024 intus
311 2996 429 3025 muro
455 2981 647 3028 lateritio
674 2987 871 3046 cingatur
889 3018 902 3038 ‚
926 2989 1077 3033 eidem-

14 3056 94 3103 que
109 3042 219 3102 ligna
234 3047 278 3091 in
300 3044 510 3093 Carbones
529 3054 811 3097 convertenda
840 3055 1077 3101 immittan-

63 3151 149 3201 (b)
176 3158 221 3196 In
237 3157 404 3199 Theoi-ia
429 3161 469 3199 δε
483 3159 589 3209 praxi
605 3160 1004 3217 ArtilleriaeTom.3.f.
1016 3176 1072 3216 ις.

91 3234 246 3305 W'offii
272 3238 413 3309 Oper.
436 3239 693 3298 Mathem.
719 3246 865 3301 Tom.
891 3248 993 3303 IV.

681 142 818 198 DE
915 141 1460 198 PULVERE

1561 146 1933 198 PYRIO.

1242 282 1330 316 tur.
1403 268 1491 318 Ubi
1515 272 1625 317 enim
1654 274 1697 317 in
1719 284 1880 333 prunas
1911 270 2083 326 abiere,
2098 271 2233 332 fovea
2251 275 2312 332 af-

1234 333 1396 393 feribus
1421 349 1538 382 terra
1568 340 1740 384 humida
1774 337 1928 390 onustis
1959 340 2215 401 cegipotest‚
2241 357 2313 388 ne·

1240 418 1319 464 que
1342 403 1578 462 periculum
1605 403 1661 456 est
1681 435 1691 450 ‚
1723 414 1769 448 ut
1797 402 2008 449 Carbones
2038 406 2182 461 fi>rdes
2213 423 2311 454 con-

1239 468 1418 514 trabant
1434 472 1605 518 nocivas·
1618 503 1630 521 ‚
1653 467 1876 527 difficulter
1884 468 2151 529 separandae.
2220 477 2310 520 Im-

1232 536 1407 596 peditur
1441 539 1571 585 etiam
1592 570 1605 589 ‚
1645 552 1694 580 ne
1735 535 1840 594 ligni
1869 536 2044 583 multum
2075 539 2119 582 in
2148 541 2307 587 cineres

1237 598 1365 646 abeat
1379 632 1392 653 ,
1412 602 1482 648 vel
1499 608 1543 651 in
1564 600 1774 650 Carbones
1793 617 1871 647 non
1884 601 1986 658 satis
2014 617 2307 654 convertatur.

1407 695 2041 746 EXPERIENTIA
2095 695 2133 745 Ι.

1321 806 1404 857 17.
1451 792 1505 845 Si
1543 789 1751 845 Nitrum
1803 791 2036 844 cochleari
2095 795 2301 845 inditum

1235 869 1514 922 carbonibus
1538 870 1853 924 candentibus
1881 872 2165 922 admovetur
2189 890 2201 925 ς
2245 874 2303 923 li-

1232 951 1380 1019 quefit
1398 986 1411 1008 ,
1427 947 1520 1018 sed
1539 970 1632 1001 non
1654 949 1949 1000 incenditur.
2036 947 2178 1013 Sedfi
2197 946 2301 999 Car-

1231 1024 1427 1079 bonibus
1468 1028 1760 1099 adspergitur
1788 1063 1804 1087 ‚
1869 1044 1972 1077 cum
2002 1025 2203 1096 strepitu
2249 1030 2300 1076 in

1209 1103 1471 1171 flammam
1505 1105 1810 1175 expanditur.

1387 1196 2013 1245 EXPERIENTIA
2057 1193 2137 1245 ΙΙ.

1313 1290 1400 1343 18.
1441 1284 1496 1338 St
1540 1284 1750 1358 Sulphur
1811 1286 2048 1340 cochleari
2089 1287 2300 1338 inditum

1221 1363 1511 1416 Carbonibus
1589 1364 1907 1418 candentibus
1970 1367 2253 1417 admovetur
2279 1383 2292 1419 5

1218 1443 1530 1513 liquefaii‘um
1553 1444 1832 1495 incenditur
1848 1441 1907 1501 ὠ
1930 1445 2064 1496 lenta
2080 1443 2298 1494 caerulea·

1218 1522 1529 1590 questam-ma
1565 1521 1848 1590 abfiaemitur.
1935 1521 2062 1574 Idem
2083 1520 2262 1572 accidit
2277 1556 2294 1581 ,

1211 1600 1252 1666 si
1275 1597 1484 1669 Sulpbur
1513 1596 1724 1651 Carboni
1747 1600 1977 1651 candenti
2011 1596 2292 1670 ansperſs’rd.

1354 1699 1977 1751 EXPERIENTIA
2044 1700 2153 1752 III.

1301 1809 1384 1859 19.
1428 1795 1481 1848 Si
1528 1813 1691 1868 corpus
1736 1799 1947 1849 candens
2004 1794 2293 1848 Carbonibus

1214 1878 1267 1925 in
1304 1877 1557 1946 pulverem
1599 1880 1826 1927 contritis
1856 1876 2173 1935 admovetur,
2210 1875 2297 1925 vel

1214 1952 1624 2023 ignis-scintillulae
1640 1973 1699 2004 ex
1717 1953 1865 2022 filicis
1893 1952 1949 2011 (θ’
1973 1950 2179 2025 chalybis
2199 1955 2289 2003 col-

1213 2032 1375 2099 tiſsone
1402 2033 1567 2084 elicitae
1581 2038 1634 2083 in
1658 2051 1762 2083 eum
1800 2031 2022 2083 decidunt
2050 2052 2063 2085 ‚·
2096 2028 2288 2101 pulvis-⁸

1213 2111 1311 2160 culi
1333 2109 1530 2179 quidam
1553 2114 1709 2180 ignem
1735 2113 2005 2179 concipiunt
2019 2147 2034 2167 ‚
2058 2127 2168 2159 mox·
2198 2115 2284 2160 ite-

1211 2206 1319 2238 rum
1356 2189 1749 2258 extinguendum.
1836 2186 1962 2238 ldem
1972 2190 2039 2254 fit
2055 2221 2069 2247 ,
2079 2187 2279 2256 fiflam·

1209 2283 1289 2315 ma
1321 2267 1470 2316 eidem
1493 2267 1693 2335 pulveri
1715 2265 2018 2318 admovetur.

1340 2359 1968 2413 EXPERIENTIA
2036 2361 2133 2414 IV.

1287 2469 1373 2514 20.
1420 2458 1476 2512 Sc·
1502 2455 1719 2513 Nitrum
1751 2463 1953 2532 pulveri
1981 2458 2272 2527 Carbonario*

1191 2542 1490 2605 permixtum
1524 2539 1782 2592 Carbonem
1827 2541 2102 2592 candentem
2133 2537 2154 2607 (
2189 2541 2275 2591 vel

1199 2630 1358 2685 corpus
1382 2618 1588 2668 candens
1617 2618 1759 2669 aliud
1779 2615 1800 2684 >
1824 2623 2063 2688 contingit
2093 2638 2105 2673 2·
2119 2620 2266 2687 flam-

1198 2710 1278 2742 ma
1309 2700 1582 2746 concitatur
1604 2732 1620 2757 ,
1656 2698 1840 2748 relictis
1859 2695 2082 2766 firdibus
2107 2694 2263 2748 extin-

1187 2772 1400 2839 guenela-

1408 2849 1911 2905 EXPERIENTIA
1975 2851 2041 2904 V.

1277 2951 1365 2996 21.
1411 2941 1467 2993 Si
1492 2941 1700 3014 sulphur
1729 2951 1782 2997 in
1799 2948 2049 3016 pulverem
2081 2956 2251 3003 contri-

1194 3033 1297 3069 tum
1354 3021 1671 3088 commiscetur
1712 3042 1817 3075 cum
1871 3025 2149 3079 carbonibus
2194 3033 2249 3080 in

1187 3097 1438 3163 pulverem
1462 3101 1629 3152 itidem
1650 3101 1855 3153 redai’t'is
1879 3099 1938 3160 ὠ
1965 3119 2126 3176 corpus
2140 3124 2247 3156 can-

1194 3173 1308 3226 dens
1335 3179 1551 3230 mixturae
1572 3178 1858 3231 admovetur
1889 3202 1904 3238 ‚-
1942 3182 2108 3253 aliqua
2139 3179 2245 3233 Sul-

1744 3256 1793 3310 C
1811 3273 1838 3309 c
2091 3257 2254 3329 pharis

2208 154 2321 205 2'01'
