2641 3687
316 159 469 234 288
803 152 2112 254 PRAEFATIO.

324 304 608 413 {perstat
595 357 612 390 7
662 328 804 399 non
843 301 1101 377 inanem
1158 334 1422 403 operam
1478 334 1586 378 me
1638 309 2000 382 sumturum
2049 312 2164 384 effe
2213 311 2493 391 credidi,
2552 304 2640 397 fi}

321 430 471 499 ejus
499 429 802 500 praecepta
842 402 921 475 ad
967 408 1241 480 rationes
1297 409 1655 482 tolerabiles
1682 441 2087 494 revocarem,
2130 438 2200 485 ut
2224 416 2522 489 solidior
2507 447 2600 491 m.
2638 464 2641 486 .

321 508 401 575 de
441 509 801 577 eorundem
845 512 1136 610 cognitio
1194 513 1426 584 hauriri
1467 515 1688 608 posset.
1797 526 1939 589 Hac
1998 520 2244 590 ratione
2289 520 2598 596 nimirum
2638 535 2641 598 ’1

318 609 1492 705 Ωηηῇ011ηήῇύ3α)1ῖ11311ν11,
1547 621 1730 714 quod
1779 623 1858 691 de
1920 622 2641 720 fingufisrauonen1,*

315 737 426 782 cur
468 714 717 791 fecerit,
772 720 1195 813 quaerentibus
1238 719 1494 790 reddere
1545 721 1773 795 debeat
1823 726 2241 797 Architeecus.
2356 733 2595 825 Neque

313 820 492 887 enim
545 824 748 918 Leges
806 821 1339 895 Architectonicae
1385 823 1516 894 sola
1574 828 2031 901 consuetudine
2080 830 2369 901 nituntur
2413 860 2431 919 3
2487 834 2589 904 sed

312 922 603 1020 singulae,
663 925 853 996 etiam
898 955 1039 1025 qux
1074 931 1152 1001 de
1192 954 1426 1001 ornatu
1461 931 1784 1010 statuunt,
1840 932 2114 1005 rationes
2176 933 2416 1004 habent
2456 936 2587 1007 evi-

311 1025 575 1104 dentes,
625 1056 782 1127 quas
837 1032 1139 1126 explicare
1212 1033 1531 1105 constitui.
1643 1037 1896 1106 Interest
1942 1061 2160 1108 autem
2212 1036 2579 1109 Architetffto

313 1127 426 1200 has
473 1135 748 1203 rationes
799 1137 1187 1229 perspexisse,
1231 1137 1546 1234 quoniam
1592 1138 1702 1236 qui
1741 1139 1885 1209 solis
1938 1140 2234 1210 manibus
2264 1141 2575 1212 exercitati

316 1237 488 1310 sunt,
543 1263 883 1332 nunquam
934 1239 1250 1318 efficient,
1294 1240 1502 1336 judice
1549 1249 2068 1319 V1TRUV10‚
2112 1270 2183 1314 ut
2230 1271 2347 1338 pro
2392 1243 2574 1314 labo-2·

314 1337 485 1410 ribus
511 1338 787 1409 habeant
825 1343 1260 1415 autoritatem.
1369 1342 1569 1415 Facile
1595 1345 1904 1417 nimirum
1941 1348 2303 1445 continget,
2335 1371 2404 1416 ut
2429 1375 2574 1441 prae-

315 1467 409 1514 ter
447 1442 762 1512 rationem
814 1444 1000 1523 fiant,
1041 1448 1253 1518 immo
1299 1471 1523 1519 contra
1567 1448 1880 1526 eandem,
1928 1477 2070 1565 quae
2099 1451 2179 1521 ab
2166 1406 2373 1526 zaliis,
2407 1477 2577 1547 quo-⁴

314 1572 462 1618 rum
503 1573 769 1658 operar
731 1547 839 1617 fibi
875 1548 1182 1622 imitanda
1225 1552 1532 1647 proponit
1573 1552 1902 1623 rationum
1954 1554 2250 1651 imarus,
2327 1554 2578 1623 summa

310 1676 467 1722 cum
512 1675 751 1721 tattone
801 1652 967 1723 fasta
1011 1656 1171 1727 sunt.
1282 1662 1518 1753 Neque
1565 1655 1788 1727 desunt
1839 1656 2129 1750 exempla
2169 1656 2351 1726 dietis
2378 1655 2578 1726 fidem

311 1753 600 1825 facientia
646 1782 664 1841 3
725 1755 823 1825 sed
866 1758 1105 1828 odiosa
1215 1760 1520 1837 Accedit,
1563 1759 1747 1857 quod
1797 1760 1846 1830 is
1897 1759 2170 1830 demum
2226 1759 2305 1829 de
2369 1759 2574 1854 operi-

231 1879 235 1883 ·
311 1857 432 1928 bus
472 1858 986 1930 Architeetorum
1026 1862 1333 1958 judicium
1379 1865 1534 1932 ferre
1580 1863 1798 1957 poffit,
1843 1863 1954 1960 qui
1989 1861 2424 1961 singulorum,
2467 1889 2577 1934 cur

313 1960 398 2030 ita
430 1960 775 2037 1361311111,
826 1965 1099 2035 rationes
1130 1966 1354 2037 animo
1395 1964 1906 2061 comprehendit.
2013 1974 2227 2064 Atque
2254 1965 2417 2035 adeo
2445 1965 2577 2037 Ele..

312 2087 529 2135 menta
570 2067 777 2137 nostra
819 2067 1268 2140 Architecturae
1298 2097 1437 2141 non
1479 2070 1605 2139 fine
1645 2069 1913 2143 utilitate
1953 2070 2296 2144 evolverit,
2348 2069 2458 2166 qui
2495 2070 2576 2140 ad

311 2169 665 2265 peregrinas
729 2198 868 2242 oras
934 2199 1330 2245 excurrentes
1391 2172 1739 2244 celebrium
1803 2174 2321 2246 Architedtorum
2384 2199 2576 2267 opera

310 2272 698 2387 perlustiQant
807 2276 942 2368 Qi
986 2304 1136 2348 vero
1189 2279 1438 2373 ipsimet
1479 2277 1693 2347 ideam
1761 2276 2024 2375 alicujus
2079 2275 2354 2349 AEdificii
2411 2275 2574 2346 olim

310 2374 722 2468 concipient3
766 2404 909 2448 eam
962 2381 1269 2452 omnibus
1308 2380 1588 2451 numeris
1620 2380 1981 2452 absolutam
2022 2380 2384 2476 perficient,
2421 2379 2462 2447 fi
2488 2376 2574 2448 nil

306 2479 435 2549 fine
470 2479 712 2551 ratione
752 2479 1147 2556 sufficiente
1132 2512 1195 2555 111
1230 2485 1459 2558 eadem
1500 2484 1833 2556 admittere
1874 2484 2255 2562 studuerint,
2286 2482 2572 2581 opusque

305 2584 492 2654 suum
523 2608 743 2655 contra
772 2613 1001 2659 omnes
1040 2591 1324 2662 censuras
1354 2589 1692 2660 defendere
1728 2613 2051 2686 poterunt.

1289 2837 1573 2943 (ἓξὲῗέᾥ

1344 2946 1537 3148 ἓξὲξ

2386 3298 2584 3368 ELE-
