<?xml version="1.0" encoding="UTF-8"?>
<!DOCTYPE html PUBLIC "-//W3C//DTD XHTML 1.0 Transitional//EN"
    "http://www.w3.org/TR/xhtml1/DTD/xhtml1-transitional.dtd">
<html xmlns="http://www.w3.org/1999/xhtml" xml:lang="en" lang="en">
 <head>
  <title>
</title>
<meta http-equiv="Content-Type" content="text/html;charset=utf-8" />
  <meta name='ocr-system' content='tesseract 3.04.00' />
  <meta name='ocr-capabilities' content='ocr_page ocr_carea ocr_par ocr_line ocrx_word'/>
</head>
<body>
  <div class='ocr_page' id='page_1' title='image "./elementamatheseo04wolf_0328.png"; bbox 0 0 2641 3687; ppageno 0'>
   <div class='ocr_carea' id='block_1_1' title="bbox 273 189 389 241">
    <p class='ocr_par' dir='ltr' id='par_1_1' title="bbox 273 189 389 241">
     <span class='ocr_line' id='line_1_1' title="bbox 273 189 389 241; baseline -0.017 0"><span class='ocrx_word' id='word_1_1' title='bbox 273 189 389 241; x_wconf 74' lang='lat'>284</span> 
     </span>
    </p>
   </div>
   <div class='ocr_carea' id='block_1_2' title="bbox 272 300 1433 1733">
    <p class='ocr_par' dir='ltr' id='par_1_2' title="bbox 486 300 1150 358">
     <span class='ocr_line' id='line_1_2' title="bbox 486 300 1150 358; baseline -0.009 -1"><span class='ocrx_word' id='word_1_2' title='bbox 486 305 990 358; x_wconf 74' lang='lat' dir='ltr'>DEFINITIO</span> <span class='ocrx_word' id='word_1_3' title='bbox 1054 300 1150 353; x_wconf 91' lang='lat' dir='ltr'>LI.</span> 
     </span>
    </p>

    <p class='ocr_par' dir='ltr' id='par_1_3' title="bbox 272 375 1360 849">
     <span class='ocr_line' id='line_1_3' title="bbox 358 375 1353 452; baseline -0.009 -14"><span class='ocrx_word' id='word_1_4' title='bbox 358 395 426 450; x_wconf 85' lang='lat'>23</span> <span class='ocrx_word' id='word_1_5' title='bbox 442 399 488 452; x_wconf 82' lang='lat'>5.</span> <span class='ocrx_word' id='word_1_6' title='bbox 534 380 946 436; x_wconf 69' lang='lat' dir='ltr'>Circumvatlatib</span> <span class='ocrx_word' id='word_1_7' title='bbox 1009 384 1222 433; x_wconf 82' lang='lat' dir='ltr'><em>exterior</em></span> <span class='ocrx_word' id='word_1_8' title='bbox 1284 375 1353 429; x_wconf 85' lang='lat' dir='ltr'>est</span> 
     </span>
     <span class='ocr_line' id='line_1_4' title="bbox 274 454 1354 519; baseline -0.007 -3"><span class='ocrx_word' id='word_1_9' title='bbox 274 463 492 519; x_wconf 84' lang='lat' dir='ltr'>Munitio</span> <span class='ocrx_word' id='word_1_10' title='bbox 523 462 649 519; x_wconf 85' lang='lat' dir='ltr'>circa</span> <span class='ocrx_word' id='word_1_11' title='bbox 676 461 854 517; x_wconf 86' lang='lat' dir='ltr'>Castra</span> <span class='ocrx_word' id='word_1_12' title='bbox 880 454 1211 512; x_wconf 78' lang='lat' dir='ltr'>obsidentium</span> <span class='ocrx_word' id='word_1_13' title='bbox 1242 456 1354 508; x_wconf 87' lang='lat' dir='ltr'>Mu-</span> 
     </span>
     <span class='ocr_line' id='line_1_5' title="bbox 272 533 1356 611; baseline -0.01 -16"><span class='ocrx_word' id='word_1_14' title='bbox 272 545 547 596; x_wconf 83' lang='lat' dir='ltr'>nimentum</span> <span class='ocrx_word' id='word_1_15' title='bbox 587 535 795 611; x_wconf 81' lang='lat' dir='ltr'>aliquod</span> <span class='ocrx_word' id='word_1_16' title='bbox 831 536 1049 593; x_wconf 86' lang='lat' dir='ltr'>excitata</span> <span class='ocrx_word' id='word_1_17' title='bbox 1090 553 1153 588; x_wconf 86' lang='lat' dir='ltr'>ex</span> <span class='ocrx_word' id='word_1_18' title='bbox 1187 533 1356 587; x_wconf 88' lang='lat' dir='ltr'>Muni-</span> 
     </span>
     <span class='ocr_line' id='line_1_6' title="bbox 272 613 1356 690; baseline -0.01 -16"><span class='ocrx_word' id='word_1_19' title='bbox 272 620 492 675; x_wconf 87' lang='lat' dir='ltr'>tionibus</span> <span class='ocrx_word' id='word_1_20' title='bbox 524 618 877 690; x_wconf 78' lang='lat' dir='ltr'>campestribus</span> <span class='ocrx_word' id='word_1_21' title='bbox 917 619 965 669; x_wconf 88' lang='lat'><strong>&amp;</strong></span> <span class='ocrx_word' id='word_1_22' title='bbox 1001 613 1166 668; x_wconf 88' lang='lat' dir='ltr'>Lineis</span> <span class='ocrx_word' id='word_1_23' title='bbox 1213 613 1356 665; x_wconf 87' lang='lat' dir='ltr'>inter-</span> 
     </span>
     <span class='ocr_line' id='line_1_7' title="bbox 273 689 1360 753; baseline -0.009 -1"><span class='ocrx_word' id='word_1_24' title='bbox 273 697 456 753; x_wconf 79' lang='lat' dir='ltr'>mediis</span> <span class='ocrx_word' id='word_1_25' title='bbox 481 697 559 752; x_wconf 88' lang='lat' dir='ltr'>vel</span> <span class='ocrx_word' id='word_1_26' title='bbox 591 696 767 750; x_wconf 70' lang='lat' dir='ltr'>tostius</span> <span class='ocrx_word' id='word_1_27' title='bbox 808 693 1111 749; x_wconf 66' lang='lat' dir='ltr'>Redufflbus</span> <span class='ocrx_word' id='word_1_28' title='bbox 1139 689 1360 745; x_wconf 76' lang='lat' dir='ltr'>dimidiis</span> 
     </span>
     <span class='ocr_line' id='line_1_8' title="bbox 281 767 1358 849; baseline -0.009 -18"><span class='ocrx_word' id='word_1_29' title='bbox 281 781 332 831; x_wconf 71' lang='grc' dir='ltr'>ἃ</span> <span class='ocrx_word' id='word_1_30' title='bbox 357 774 748 849; x_wconf 86' lang='lat' dir='ltr'>Propugnaculis</span> <span class='ocrx_word' id='word_1_31' title='bbox 775 773 1000 828; x_wconf 89' lang='lat' dir='ltr'>constans</span> <span class='ocrx_word' id='word_1_32' title='bbox 1022 807 1037 834; x_wconf 90' lang='lat'>‚</span> <span class='ocrx_word' id='word_1_33' title='bbox 1057 774 1140 843; x_wconf 83' lang='lat'>(§.</span> <span class='ocrx_word' id='word_1_34' title='bbox 1172 784 1299 838; x_wconf 86' lang='lat'><strong>233.</strong></span> <span class='ocrx_word' id='word_1_35' title='bbox 1317 767 1358 839; x_wconf 83' lang='lat'>).</span> 
     </span>
    </p>

    <p class='ocr_par' dir='ltr' id='par_1_4' title="bbox 490 851 1145 909">
     <span class='ocr_line' id='line_1_9' title="bbox 490 851 1145 909; baseline -0.011 0"><span class='ocrx_word' id='word_1_36' title='bbox 490 856 738 909; x_wconf 70' lang='lat' dir='ltr'><strong>DEFIN</strong></span> <span class='ocrx_word' id='word_1_37' title='bbox 769 868 941 905; x_wconf 86' lang='lat' dir='ltr'>1T10</span> <span class='ocrx_word' id='word_1_38' title='bbox 1015 851 1145 903; x_wconf 89' lang='lat' dir='ltr'><strong>LII.</strong></span> 
     </span>
    </p>

    <p class='ocr_par' dir='ltr' id='par_1_5' title="bbox 290 926 1369 1317">
     <span class='ocr_line' id='line_1_10' title="bbox 373 926 1366 1002; baseline -0.009 -15"><span class='ocrx_word' id='word_1_39' title='bbox 373 947 403 993; x_wconf 87' lang='lat'><strong>2</strong></span> <span class='ocrx_word' id='word_1_40' title='bbox 414 950 440 1002; x_wconf 89' lang='lat'>3</span> <span class='ocrx_word' id='word_1_41' title='bbox 452 942 502 992; x_wconf 93' lang='lat'>6.</span> <span class='ocrx_word' id='word_1_42' title='bbox 517 933 921 986; x_wconf 72' lang='lat' dir='ltr'>Circumvallatio</span> <span class='ocrx_word' id='word_1_43' title='bbox 937 934 1140 984; x_wconf 80' lang='lat' dir='ltr'>interior</span> <span class='ocrx_word' id='word_1_44' title='bbox 1158 927 1224 981; x_wconf 87' lang='lat' dir='ltr'>est</span> <span class='ocrx_word' id='word_1_45' title='bbox 1253 926 1310 979; x_wconf 87' lang='lat' dir='ltr'>M</span> <span class='ocrx_word' id='word_1_46' title='bbox 1316 942 1366 978; x_wconf 91' lang='lat' dir='ltr'>u-</span> 
     </span>
     <span class='ocr_line' id='line_1_11' title="bbox 294 1002 1369 1068; baseline -0.01 0"><span class='ocrx_word' id='word_1_47' title='bbox 294 1011 418 1068; x_wconf 86' lang='lat' dir='ltr'>nitio</span> <span class='ocrx_word' id='word_1_48' title='bbox 431 1012 555 1065; x_wconf 79' lang='lat' dir='ltr'>circa</span> <span class='ocrx_word' id='word_1_49' title='bbox 567 1010 737 1065; x_wconf 85' lang='lat' dir='ltr'>Castra</span> <span class='ocrx_word' id='word_1_50' title='bbox 752 1005 1081 1063; x_wconf 68' lang='lat' dir='ltr'>obsidentium</span> <span class='ocrx_word' id='word_1_51' title='bbox 1099 1002 1369 1060; x_wconf 84' lang='lat' dir='ltr'>versusMu·</span> 
     </span>
     <span class='ocr_line' id='line_1_12' title="bbox 290 1085 1367 1156; baseline -0.009 -11"><span class='ocrx_word' id='word_1_52' title='bbox 290 1092 567 1145; x_wconf 82' lang='lat' dir='ltr'>nimentum</span> <span class='ocrx_word' id='word_1_53' title='bbox 593 1085 834 1143; x_wconf 74' lang='lat' dir='ltr'>obseffum</span> <span class='ocrx_word' id='word_1_54' title='bbox 871 1101 1045 1140; x_wconf 87' lang='lat' dir='ltr'>contra</span> <span class='ocrx_word' id='word_1_55' title='bbox 1078 1086 1367 1156; x_wconf 74' lang='lat' dir='ltr'>eruptiones</span> 
     </span>
     <span class='ocr_line' id='line_1_13' title="bbox 295 1162 1369 1230; baseline -0.007 -9"><span class='ocrx_word' id='word_1_56' title='bbox 295 1166 600 1222; x_wconf 84' lang='lat' dir='ltr'>obsefforum</span> <span class='ocrx_word' id='word_1_57' title='bbox 636 1167 876 1230; x_wconf 86' lang='lat' dir='ltr'>excitata,</span> <span class='ocrx_word' id='word_1_58' title='bbox 897 1168 947 1218; x_wconf 71' lang='grc' dir='ltr'>δε</span> <span class='ocrx_word' id='word_1_59' title='bbox 973 1182 1035 1217; x_wconf 85' lang='lat' dir='ltr'>ex</span> <span class='ocrx_word' id='word_1_60' title='bbox 1066 1162 1369 1218; x_wconf 70' lang='lat' dir='ltr'>Redutstibus</span> 
     </span>
     <span class='ocr_line' id='line_1_14' title="bbox 291 1243 1368 1317; baseline -0.006 -15"><span class='ocrx_word' id='word_1_61' title='bbox 291 1244 508 1302; x_wconf 85' lang='lat' dir='ltr'>dimidiis</span> <span class='ocrx_word' id='word_1_62' title='bbox 523 1243 782 1317; x_wconf 86' lang='lat' dir='ltr'>Lineisque</span> <span class='ocrx_word' id='word_1_63' title='bbox 808 1244 1110 1299; x_wconf 70' lang='lat' dir='ltr'>intermediis</span> <span class='ocrx_word' id='word_1_64' title='bbox 1123 1243 1368 1296; x_wconf 79' lang='lat' dir='ltr'>constanS.</span> 
     </span>
    </p>

    <p class='ocr_par' dir='ltr' id='par_1_6' title="bbox 547 1324 1102 1378">
     <span class='ocr_line' id='line_1_15' title="bbox 547 1324 1102 1378; baseline -0.007 0"><span class='ocrx_word' id='word_1_65' title='bbox 547 1327 580 1378; x_wconf 86' lang='lat' dir='ltr'>S</span> <span class='ocrx_word' id='word_1_66' title='bbox 608 1342 639 1378; x_wconf 86' lang='lat' dir='ltr'>C</span> <span class='ocrx_word' id='word_1_67' title='bbox 665 1340 700 1376; x_wconf 81' lang='lat' dir='ltr'><strong>H</strong></span> <span class='ocrx_word' id='word_1_68' title='bbox 730 1343 761 1375; x_wconf 93' lang='lat' dir='ltr'>o</span> <span class='ocrx_word' id='word_1_69' title='bbox 790 1339 821 1375; x_wconf 88' lang='lat' dir='ltr'>L</span> <span class='ocrx_word' id='word_1_70' title='bbox 851 1342 867 1377; x_wconf 73' lang='grc' dir='ltr'><strong>Ι</strong></span> <span class='ocrx_word' id='word_1_71' title='bbox 896 1343 928 1374; x_wconf 91' lang='lat' dir='ltr'>o</span> <span class='ocrx_word' id='word_1_72' title='bbox 961 1337 995 1375; x_wconf 78' lang='lat' dir='ltr'>N</span> <span class='ocrx_word' id='word_1_73' title='bbox 1065 1324 1102 1374; x_wconf 94' lang='lat' dir='ltr'>I.</span> 
     </span>
    </p>

    <p class='ocr_par' dir='ltr' id='par_1_7' title="bbox 285 1399 1433 1733">
     <span class='ocr_line' id='line_1_16' title="bbox 359 1399 1368 1467; baseline -0.006 -15"><span class='ocrx_word' id='word_1_74' title='bbox 359 1421 384 1452; x_wconf 81' lang='lat'>2</span> <span class='ocrx_word' id='word_1_75' title='bbox 395 1420 471 1465; x_wconf 87' lang='lat'>37.</span> <span class='ocrx_word' id='word_1_76' title='bbox 511 1405 580 1450; x_wconf 86' lang='lat' dir='ltr'>Ex</span> <span class='ocrx_word' id='word_1_77' title='bbox 618 1403 714 1467; x_wconf 77' lang='lat' dir='ltr'>ipfis</span> <span class='ocrx_word' id='word_1_78' title='bbox 752 1399 1071 1460; x_wconf 74' lang='lat' dir='ltr'>definitioni-&#39;ms</span> <span class='ocrx_word' id='word_1_79' title='bbox 1086 1413 1236 1463; x_wconf 70' lang='lat' dir='ltr'>patei,</span> <span class='ocrx_word' id='word_1_80' title='bbox 1278 1402 1368 1447; x_wconf 82' lang='lat' dir='ltr'>Cir-</span> 
     </span>
     <span class='ocr_line' id='line_1_17' title="bbox 289 1468 1369 1532; baseline -0.005 -13"><span class='ocrx_word' id='word_1_81' title='bbox 289 1473 619 1521; x_wconf 72' lang='lat' dir='ltr'>cumvallatione</span> <span class='ocrx_word' id='word_1_82' title='bbox 639 1483 818 1517; x_wconf 74' lang='lat' dir='ltr'>externa</span> <span class='ocrx_word' id='word_1_83' title='bbox 845 1487 925 1516; x_wconf 79' lang='lat' dir='ltr'>non</span> <span class='ocrx_word' id='word_1_84' title='bbox 946 1468 1020 1529; x_wconf 83' lang='lat' dir='ltr'>effe</span> <span class='ocrx_word' id='word_1_85' title='bbox 1045 1482 1143 1532; x_wconf 73' lang='lat' dir='ltr'>opus</span> <span class='ocrx_word' id='word_1_86' title='bbox 1167 1501 1180 1521; x_wconf 92' lang='lat'><strong>,</strong></span> <span class='ocrx_word' id='word_1_87' title='bbox 1216 1469 1252 1529; x_wconf 82' lang='lat' dir='ltr'><em>fi</em></span> <span class='ocrx_word' id='word_1_88' title='bbox 1288 1485 1369 1514; x_wconf 80' lang='lat' dir='ltr'>non</span> 
     </span>
     <span class='ocr_line' id='line_1_18' title="bbox 288 1516 1433 1635; baseline -0.006 -47"><span class='ocrx_word' id='word_1_89' title='bbox 288 1542 591 1590; x_wconf 82' lang='lat' dir='ltr'>metuendum,</span> <span class='ocrx_word' id='word_1_90' title='bbox 629 1537 726 1598; x_wconf 77' lang='lat' dir='ltr'>fore</span> <span class='ocrx_word' id='word_1_91' title='bbox 764 1550 813 1583; x_wconf 75' lang='lat' dir='ltr'>uc</span> <span class='ocrx_word' id='word_1_92' title='bbox 845 1540 978 1597; x_wconf 52' lang='lat' dir='ltr'>Copiae</span> <span class='ocrx_word' id='word_1_93' title='bbox 1015 1540 1060 1583; x_wconf 81' lang='lat' dir='ltr'>in</span> <span class='ocrx_word' id='word_1_94' title='bbox 1099 1539 1264 1584; x_wconf 71' lang='lat' dir='ltr'>vicinia</span> <span class='ocrx_word' id='word_1_95' title='bbox 1299 1539 1368 1582; x_wconf 88' lang='lat' dir='ltr'>de-</span> <span class='ocrx_word' id='word_1_96' title='bbox 1428 1516 1433 1635; x_wconf 51' lang='grc' dir='ltr'><strong><em>ι</em></strong></span> 
     </span>
     <span class='ocr_line' id='line_1_19' title="bbox 285 1605 1369 1669; baseline -0.004 -16"><span class='ocrx_word' id='word_1_97' title='bbox 285 1619 437 1669; x_wconf 80' lang='lat' dir='ltr'>gentes</span> <span class='ocrx_word' id='word_1_98' title='bbox 485 1605 639 1667; x_wconf 69' lang='lat' dir='ltr'>obfhffis</span> <span class='ocrx_word' id='word_1_99' title='bbox 680 1606 931 1662; x_wconf 76' lang='lat' dir='ltr'><em>succurrant</em></span> <span class='ocrx_word' id='word_1_100' title='bbox 968 1624 977 1650; x_wconf 95' lang='lat'>:</span> <span class='ocrx_word' id='word_1_101' title='bbox 1015 1606 1070 1652; x_wconf 59' lang='lat'>&amp;⁸</span> <span class='ocrx_word' id='word_1_102' title='bbox 1116 1607 1369 1651; x_wconf 75' lang='lat' dir='ltr'>interiorem</span> 
     </span>
     <span class='ocr_line' id='line_1_20' title="bbox 291 1670 1371 1733; baseline -0.005 -12"><span class='ocrx_word' id='word_1_103' title='bbox 291 1671 427 1733; x_wconf 81' lang='lat' dir='ltr'>abeffe</span> <span class='ocrx_word' id='word_1_104' title='bbox 454 1670 604 1719; x_wconf 85' lang='lat' dir='ltr'>debere</span> <span class='ocrx_word' id='word_1_105' title='bbox 636 1704 651 1724; x_wconf 86' lang='lat'><em>‚</em></span> <span class='ocrx_word' id='word_1_106' title='bbox 690 1671 725 1730; x_wconf 80' lang='lat' dir='ltr'>st</span> <span class='ocrx_word' id='word_1_107' title='bbox 769 1673 973 1719; x_wconf 82' lang='lat' dir='ltr'>Militum</span> <span class='ocrx_word' id='word_1_108' title='bbox 1011 1671 1371 1731; x_wconf 73' lang='lat' dir='ltr'>praefidiariorum</span> 
     </span>
    </p>
   </div>
   <div class='ocr_carea' id='block_1_3' title="bbox 292 1739 1370 1864">
    <p class='ocr_par' dir='ltr' id='par_1_8' title="bbox 292 1739 1370 1864">
     <span class='ocr_line' id='line_1_21' title="bbox 292 1739 1370 1802; baseline -0.004 -14"><span class='ocrx_word' id='word_1_109' title='bbox 292 1743 414 1802; x_wconf 86' lang='lat' dir='ltr'>copia</span> <span class='ocrx_word' id='word_1_110' title='bbox 445 1752 572 1787; x_wconf 78' lang='lat' dir='ltr'>tanta</span> <span class='ocrx_word' id='word_1_111' title='bbox 597 1756 677 1787; x_wconf 85' lang='lat' dir='ltr'>non</span> <span class='ocrx_word' id='word_1_112' title='bbox 698 1739 840 1799; x_wconf 80' lang='lat' dir='ltr'>fuerit</span> <span class='ocrx_word' id='word_1_113' title='bbox 857 1742 900 1786; x_wconf 83' lang='lat' dir='ltr'>in</span> <span class='ocrx_word' id='word_1_114' title='bbox 921 1741 1226 1792; x_wconf 72' lang='lat' dir='ltr'>Munimento,</span> <span class='ocrx_word' id='word_1_115' title='bbox 1256 1751 1305 1787; x_wconf 77' lang='lat' dir='ltr'>ut</span> <span class='ocrx_word' id='word_1_116' title='bbox 1323 1741 1370 1785; x_wconf 75' lang='lat' dir='ltr'>in</span> 
     </span>
     <span class='ocr_line' id='line_1_22' title="bbox 294 1806 1082 1864; baseline -0.005 -8"><span class='ocrx_word' id='word_1_117' title='bbox 294 1806 442 1864; x_wconf 70' lang='lat' dir='ltr'>Castra</span> <span class='ocrx_word' id='word_1_118' title='bbox 476 1806 601 1860; x_wconf 68' lang='lat' dir='ltr'>hostis</span> <span class='ocrx_word' id='word_1_119' title='bbox 632 1823 859 1854; x_wconf 83' lang='lat' dir='ltr'>excurrere</span> <span class='ocrx_word' id='word_1_120' title='bbox 883 1809 1082 1854; x_wconf 75' lang='lat' dir='ltr'>audeant.</span> 
     </span>
    </p>
   </div>
   <div class='ocr_carea' id='block_1_4' title="bbox 291 1877 1376 2905">
    <p class='ocr_par' dir='ltr' id='par_1_9' title="bbox 539 1877 1128 1928">
     <span class='ocr_line' id='line_1_23' title="bbox 539 1877 1128 1928; baseline 0.003 -2"><span class='ocrx_word' id='word_1_121' title='bbox 539 1879 571 1926; x_wconf 69' lang='lat' dir='ltr'><strong>S</strong></span> <span class='ocrx_word' id='word_1_122' title='bbox 600 1890 630 1926; x_wconf 88' lang='lat' dir='ltr'>c</span> <span class='ocrx_word' id='word_1_123' title='bbox 659 1889 690 1925; x_wconf 80' lang='lat' dir='ltr'><strong>H</strong></span> <span class='ocrx_word' id='word_1_124' title='bbox 716 1893 748 1926; x_wconf 93' lang='lat' dir='ltr'>o</span> <span class='ocrx_word' id='word_1_125' title='bbox 771 1890 803 1927; x_wconf 87' lang='lat' dir='ltr'><strong>L</strong></span> <span class='ocrx_word' id='word_1_126' title='bbox 831 1890 846 1925; x_wconf 90' lang='lat'>1</span> <span class='ocrx_word' id='word_1_127' title='bbox 877 1890 912 1926; x_wconf 90' lang='lat' dir='ltr'>o</span> <span class='ocrx_word' id='word_1_128' title='bbox 945 1888 980 1925; x_wconf 81' lang='lat' dir='ltr'>N</span> <span class='ocrx_word' id='word_1_129' title='bbox 1051 1877 1128 1928; x_wconf 84' lang='lat' dir='ltr'>II.</span> 
     </span>
    </p>

    <p class='ocr_par' dir='ltr' id='par_1_10' title="bbox 291 1951 1374 2217">
     <span class='ocr_line' id='line_1_24' title="bbox 367 1951 1371 2011; baseline 0 -13"><span class='ocrx_word' id='word_1_130' title='bbox 367 1957 476 2011; x_wconf 86' lang='lat'>238.</span> <span class='ocrx_word' id='word_1_131' title='bbox 512 1953 655 1999; x_wconf 79' lang='lat' dir='ltr'><em>Solent</em></span> <span class='ocrx_word' id='word_1_132' title='bbox 674 1964 817 1999; x_wconf 79' lang='lat' dir='ltr'>autem</span> <span class='ocrx_word' id='word_1_133' title='bbox 848 1956 988 1999; x_wconf 79' lang='lat' dir='ltr'>Lineae</span> <span class='ocrx_word' id='word_1_134' title='bbox 1024 1955 1069 1999; x_wconf 88' lang='lat' dir='ltr'>in</span> <span class='ocrx_word' id='word_1_135' title='bbox 1107 1951 1371 2000; x_wconf 75' lang='lat' dir='ltr'>circumval-</span> 
     </span>
     <span class='ocr_line' id='line_1_25' title="bbox 291 2017 1372 2072; baseline -0.005 -3"><span class='ocrx_word' id='word_1_136' title='bbox 291 2019 529 2069; x_wconf 75' lang='lat' dir='ltr'>lationibus</span> <span class='ocrx_word' id='word_1_137' title='bbox 573 2023 761 2072; x_wconf 82' lang='lat' dir='ltr'>duobus,</span> <span class='ocrx_word' id='word_1_138' title='bbox 806 2023 1020 2066; x_wconf 77' lang='lat' dir='ltr'>interdum</span> <span class='ocrx_word' id='word_1_139' title='bbox 1059 2022 1190 2069; x_wconf 74' lang='lat' dir='ltr'>etiam</span> <span class='ocrx_word' id='word_1_140' title='bbox 1229 2017 1372 2066; x_wconf 78' lang='lat' dir='ltr'>tribus</span> 
     </span>
     <span class='ocr_line' id='line_1_26' title="bbox 293 2088 1374 2150; baseline -0.001 -16"><span class='ocrx_word' id='word_1_141' title='bbox 293 2089 579 2149; x_wconf 78' lang='lat' dir='ltr'>Supped.zneis</span> <span class='ocrx_word' id='word_1_142' title='bbox 616 2099 717 2133; x_wconf 84' lang='lat' dir='ltr'>ante</span> <span class='ocrx_word' id='word_1_143' title='bbox 760 2090 964 2134; x_wconf 82' lang='lat' dir='ltr'>Loricam</span> <span class='ocrx_word' id='word_1_144' title='bbox 1016 2088 1201 2142; x_wconf 79' lang='lat' dir='ltr'>instrui,</span> <span class='ocrx_word' id='word_1_145' title='bbox 1242 2098 1374 2150; x_wconf 59' lang='lat' dir='ltr'>prout</span> 
     </span>
     <span class='ocr_line' id='line_1_27' title="bbox 295 2154 714 2217; baseline 0 -17"><span class='ocrx_word' id='word_1_146' title='bbox 295 2156 390 2214; x_wconf 63' lang='lat' dir='ltr'>ustis</span> <span class='ocrx_word' id='word_1_147' title='bbox 425 2154 714 2217; x_wconf 80' lang='lat' dir='ltr'>requifiverit.</span> 
     </span>
    </p>

    <p class='ocr_par' dir='ltr' id='par_1_11' title="bbox 463 2220 1201 2275">
     <span class='ocr_line' id='line_1_28' title="bbox 463 2220 1201 2275; baseline -0.001 -1"><span class='ocrx_word' id='word_1_148' title='bbox 463 2224 954 2274; x_wconf 76' lang='lat' dir='ltr'><strong>DEFlNITIo</strong></span> <span class='ocrx_word' id='word_1_149' title='bbox 1035 2220 1201 2275; x_wconf 85' lang='lat' dir='ltr'><strong>LIII.</strong></span> 
     </span>
    </p>

    <p class='ocr_par' dir='ltr' id='par_1_12' title="bbox 298 2296 1376 2842">
     <span class='ocr_line' id='line_1_29' title="bbox 379 2296 1376 2367; baseline -0.002 -13"><span class='ocrx_word' id='word_1_150' title='bbox 379 2310 510 2364; x_wconf 82' lang='lat'><strong>239.</strong></span> <span class='ocrx_word' id='word_1_151' title='bbox 558 2300 771 2367; x_wconf 66' lang='lat' dir='ltr'>Acceyies</span> <span class='ocrx_word' id='word_1_152' title='bbox 812 2296 914 2352; x_wconf 88' lang='lat' dir='ltr'>sunt</span> <span class='ocrx_word' id='word_1_153' title='bbox 942 2298 1092 2352; x_wconf 75' lang='lat' dir='ltr'>Foffae</span> <span class='ocrx_word' id='word_1_154' title='bbox 1132 2317 1259 2353; x_wconf 84' lang='lat' dir='ltr'>terra</span> <span class='ocrx_word' id='word_1_155' title='bbox 1309 2297 1376 2352; x_wconf 89' lang='lat' dir='ltr'>ef-</span> 
     </span>
     <span class='ocr_line' id='line_1_30' title="bbox 298 2373 1374 2445; baseline 0 -14"><span class='ocrx_word' id='word_1_156' title='bbox 298 2373 421 2431; x_wconf 66' lang='lat' dir='ltr'>fossa</span> <span class='ocrx_word' id='word_1_157' title='bbox 471 2379 520 2429; x_wconf 85' lang='lat'>&amp;</span> <span class='ocrx_word' id='word_1_158' title='bbox 569 2373 729 2429; x_wconf 87' lang='lat' dir='ltr'>versus</span> <span class='ocrx_word' id='word_1_159' title='bbox 791 2378 1155 2432; x_wconf 75' lang='lat' dir='ltr'>Munimentum</span> <span class='ocrx_word' id='word_1_160' title='bbox 1219 2380 1374 2445; x_wconf 58' lang='lat' dir='ltr'>ciceia</span> 
     </span>
     <span class='ocr_line' id='line_1_31' title="bbox 301 2453 1375 2517; baseline -0.002 -7"><span class='ocrx_word' id='word_1_161' title='bbox 301 2457 471 2517; x_wconf 70' lang='lat' dir='ltr'>testae,</span> <span class='ocrx_word' id='word_1_162' title='bbox 509 2468 563 2507; x_wconf 92' lang='lat' dir='ltr'>ut</span> <span class='ocrx_word' id='word_1_163' title='bbox 596 2453 743 2507; x_wconf 84' lang='lat' dir='ltr'>hostis</span> <span class='ocrx_word' id='word_1_164' title='bbox 782 2453 879 2511; x_wconf 83' lang='lat' dir='ltr'>fine</span> <span class='ocrx_word' id='word_1_165' title='bbox 920 2455 1106 2510; x_wconf 86' lang='lat' dir='ltr'>damno</span> <span class='ocrx_word' id='word_1_166' title='bbox 1138 2456 1200 2510; x_wconf 85' lang='lat' dir='ltr'>ad</span> <span class='ocrx_word' id='word_1_167' title='bbox 1237 2457 1375 2511; x_wconf 82' lang='lat' dir='ltr'>Lori·-</span> 
     </span>
     <span class='ocr_line' id='line_1_32' title="bbox 302 2533 1375 2609; baseline 0.002 -22"><span class='ocrx_word' id='word_1_168' title='bbox 302 2553 411 2588; x_wconf 84' lang='lat' dir='ltr'>cam</span> <span class='ocrx_word' id='word_1_169' title='bbox 449 2533 698 2586; x_wconf 86' lang='lat' dir='ltr'>declivem</span> <span class='ocrx_word' id='word_1_170' title='bbox 736 2537 841 2589; x_wconf 80' lang='lat' dir='ltr'>Viae</span> <span class='ocrx_word' id='word_1_171' title='bbox 885 2551 1136 2609; x_wconf 70' lang='lat' dir='ltr'>coopertae</span> <span class='ocrx_word' id='word_1_172' title='bbox 1171 2533 1375 2590; x_wconf 69' lang='lat' dir='ltr'>accede-</span> 
     </span>
     <span class='ocr_line' id='line_1_33' title="bbox 302 2615 1372 2687; baseline 0.001 -21"><span class='ocrx_word' id='word_1_173' title='bbox 302 2631 355 2666; x_wconf 85' lang='lat' dir='ltr'>re</span> <span class='ocrx_word' id='word_1_174' title='bbox 385 2615 435 2665; x_wconf 88' lang='lat'>&amp;</span> <span class='ocrx_word' id='word_1_175' title='bbox 463 2616 736 2666; x_wconf 85' lang='lat' dir='ltr'>Tormenta</span> <span class='ocrx_word' id='word_1_176' title='bbox 776 2631 886 2666; x_wconf 91' lang='lat' dir='ltr'>cum</span> <span class='ocrx_word' id='word_1_177' title='bbox 929 2616 1129 2687; x_wconf 89' lang='lat' dir='ltr'>reliquis</span> <span class='ocrx_word' id='word_1_178' title='bbox 1159 2615 1221 2669; x_wconf 83' lang='lat' dir='ltr'>ad</span> <span class='ocrx_word' id='word_1_179' title='bbox 1258 2617 1372 2667; x_wconf 89' lang='lat' dir='ltr'>Mu-</span> 
     </span>
     <span class='ocr_line' id='line_1_34' title="bbox 299 2691 1370 2762; baseline 0.003 -19"><span class='ocrx_word' id='word_1_180' title='bbox 299 2694 573 2744; x_wconf 83' lang='lat' dir='ltr'>nimentum</span> <span class='ocrx_word' id='word_1_181' title='bbox 601 2691 990 2762; x_wconf 79' lang='lat' dir='ltr'>expugnandum</span> <span class='ocrx_word' id='word_1_182' title='bbox 1019 2691 1285 2748; x_wconf 72' lang='lat' dir='ltr'>necessariis</span> <span class='ocrx_word' id='word_1_183' title='bbox 1314 2694 1370 2747; x_wconf 87' lang='lat' dir='ltr'>il-</span> 
     </span>
     <span class='ocr_line' id='line_1_35' title="bbox 299 2767 844 2842; baseline 0.002 -20"><span class='ocrx_word' id='word_1_184' title='bbox 299 2768 381 2824; x_wconf 89' lang='lat' dir='ltr'>luc</span> <span class='ocrx_word' id='word_1_185' title='bbox 403 2769 669 2842; x_wconf 75' lang='lat' dir='ltr'>deportare</span> <span class='ocrx_word' id='word_1_186' title='bbox 688 2767 844 2840; x_wconf 81' lang='lat' dir='ltr'>possit.</span> 
     </span>
    </p>

    <p class='ocr_par' dir='ltr' id='par_1_13' title="bbox 598 2848 1073 2905">
     <span class='ocr_line' id='line_1_36' title="bbox 598 2848 1073 2905; baseline 0.008 -5"><span class='ocrx_word' id='word_1_187' title='bbox 598 2848 631 2900; x_wconf 83' lang='lat' dir='ltr'>S</span> <span class='ocrx_word' id='word_1_188' title='bbox 659 2863 689 2898; x_wconf 83' lang='lat' dir='ltr'>C</span> <span class='ocrx_word' id='word_1_189' title='bbox 722 2863 753 2898; x_wconf 84' lang='lat' dir='ltr'><strong>H</strong></span> <span class='ocrx_word' id='word_1_190' title='bbox 785 2867 817 2898; x_wconf 90' lang='lat' dir='ltr'>o</span> <span class='ocrx_word' id='word_1_191' title='bbox 847 2861 877 2900; x_wconf 85' lang='lat' dir='ltr'><strong>L</strong></span> <span class='ocrx_word' id='word_1_192' title='bbox 908 2863 933 2900; x_wconf 40' lang='lat'>1⁷</span> <span class='ocrx_word' id='word_1_193' title='bbox 954 2868 987 2901; x_wconf 92' lang='lat' dir='ltr'>o</span> <span class='ocrx_word' id='word_1_194' title='bbox 1014 2863 1073 2905; x_wconf 80' lang='lat' dir='ltr'>N.</span> 
     </span>
    </p>
   </div>
   <div class='ocr_carea' id='block_1_5' title="bbox 296 2924 1371 3120">
    <p class='ocr_par' dir='ltr' id='par_1_14' title="bbox 296 2924 1371 3120">
     <span class='ocr_line' id='line_1_37' title="bbox 370 2924 1371 2991; baseline 0.005 -21"><span class='ocrx_word' id='word_1_195' title='bbox 370 2938 480 2984; x_wconf 79' lang='lat'>240.</span> <span class='ocrx_word' id='word_1_196' title='bbox 519 2924 643 2970; x_wconf 84' lang='lat' dir='ltr'>Galli</span> <span class='ocrx_word' id='word_1_197' title='bbox 676 2926 750 2971; x_wconf 83' lang='lat' dir='ltr'>hos</span> <span class='ocrx_word' id='word_1_198' title='bbox 778 2926 950 2985; x_wconf 58' lang='lat' dir='ltr'>accessus</span> <span class='ocrx_word' id='word_1_199' title='bbox 978 2942 1133 2975; x_wconf 69' lang='lat' dir='ltr'>vocant</span> <span class='ocrx_word' id='word_1_200' title='bbox 1163 2930 1245 2975; x_wconf 86' lang='lat' dir='ltr'>Les</span> <span class='ocrx_word' id='word_1_201' title='bbox 1277 2931 1371 2991; x_wconf 86' lang='lat' dir='ltr'>Ap·-</span> 
     </span>
     <span class='ocr_line' id='line_1_38' title="bbox 299 2992 1370 3051; baseline 0.005 -13"><span class='ocrx_word' id='word_1_202' title='bbox 299 2992 522 3051; x_wconf 72' lang='lat' dir='ltr'>ptoches,</span> <span class='ocrx_word' id='word_1_203' title='bbox 546 2993 668 3037; x_wconf 85' lang='lat' dir='ltr'>hodie</span> <span class='ocrx_word' id='word_1_204' title='bbox 687 2997 965 3040; x_wconf 71' lang='lat' dir='ltr'>communiter</span> <span class='ocrx_word' id='word_1_205' title='bbox 986 2997 1068 3042; x_wconf 85' lang='lat' dir='ltr'>Les</span> <span class='ocrx_word' id='word_1_206' title='bbox 1088 2993 1370 3051; x_wconf 70' lang='lat' dir='ltr'>Tranchees,</span> 
     </span>
     <span class='ocr_line' id='line_1_39' title="bbox 296 3056 888 3120; baseline 0.007 -16"><span class='ocrx_word' id='word_1_207' title='bbox 296 3058 427 3112; x_wconf 82' lang='lat' dir='ltr'>nostri</span> <span class='ocrx_word' id='word_1_208' title='bbox 459 3056 534 3103; x_wconf 91' lang='lat' dir='ltr'>die</span> <span class='ocrx_word' id='word_1_209' title='bbox 567 3057 888 3120; x_wconf 74' lang='lat' dir='ltr'>Lauffgraben.</span> 
     </span>
    </p>
   </div>
   <div class='ocr_carea' id='block_1_6' title="bbox 499 3124 1160 3182">
    <p class='ocr_par' dir='ltr' id='par_1_15' title="bbox 499 3124 1160 3182">
     <span class='ocr_line' id='line_1_40' title="bbox 499 3124 1160 3182; baseline 0.009 -7"><span class='ocrx_word' id='word_1_210' title='bbox 499 3124 938 3180; x_wconf 70' lang='lat' dir='ltr'><strong>DEFINITIO</strong></span> <span class='ocrx_word' id='word_1_211' title='bbox 1007 3129 1160 3182; x_wconf 91' lang='lat' dir='ltr'><strong>LIV.</strong></span> 
     </span>
    </p>
   </div>
   <div class='ocr_carea' id='block_1_7' title="bbox 293 3199 1368 3341">
    <p class='ocr_par' dir='ltr' id='par_1_16' title="bbox 293 3199 1368 3341">
     <span class='ocr_line' id='line_1_41' title="bbox 379 3199 1368 3266; baseline 0.003 -11"><span class='ocrx_word' id='word_1_212' title='bbox 379 3215 506 3266; x_wconf 82' lang='lat'>241.</span> <span class='ocrx_word' id='word_1_213' title='bbox 526 3199 693 3257; x_wconf 84' lang='lat' dir='ltr'>Linea</span> <span class='ocrx_word' id='word_1_214' title='bbox 711 3210 1149 3260; x_wconf 73' lang='lat' dir='ltr'>communicationis</span> <span class='ocrx_word' id='word_1_215' title='bbox 1172 3206 1239 3259; x_wconf 87' lang='lat' dir='ltr'>est</span> <span class='ocrx_word' id='word_1_216' title='bbox 1259 3202 1368 3260; x_wconf 88' lang='lat' dir='ltr'>Fos-</span> 
     </span>
     <span class='ocr_line' id='line_1_42' title="bbox 293 3277 1368 3341; baseline 0.005 -5"><span class='ocrx_word' id='word_1_217' title='bbox 293 3277 342 3336; x_wconf 74' lang='lat' dir='ltr'>sa</span> <span class='ocrx_word' id='word_1_218' title='bbox 368 3282 544 3337; x_wconf 83' lang='lat' dir='ltr'>Lorica</span> <span class='ocrx_word' id='word_1_219' title='bbox 581 3281 736 3337; x_wconf 58' lang='lat' dir='ltr'>cincta</span> <span class='ocrx_word' id='word_1_220' title='bbox 762 3281 865 3338; x_wconf 88' lang='lat' dir='ltr'>duo</span> <span class='ocrx_word' id='word_1_221' title='bbox 900 3281 1131 3341; x_wconf 81' lang='lat' dir='ltr'>Acceffus</span> <span class='ocrx_word' id='word_1_222' title='bbox 1166 3284 1368 3341; x_wconf 73' lang='lat' dir='ltr'>brachia</span> 
     </span>
    </p>
   </div>
   <div class='ocr_carea' id='block_1_8' title="bbox 542 165 2371 230">
    <p class='ocr_par' dir='ltr' id='par_1_17' title="bbox 542 165 2371 230">
     <span class='ocr_line' id='line_1_43' title="bbox 542 165 2371 230; baseline -0.004 0"><span class='ocrx_word' id='word_1_223' title='bbox 542 169 1044 230; x_wconf 82' lang='lat' dir='ltr'>ELEMENTA</span> <span class='ocrx_word' id='word_1_224' title='bbox 1098 165 1841 228; x_wconf 79' lang='lat' dir='ltr'><strong>ARCHITECTURAE</strong></span> <span class='ocrx_word' id='word_1_225' title='bbox 1900 166 2371 223; x_wconf 85' lang='lat' dir='ltr'><strong>MILITARIS.</strong></span> 
     </span>
    </p>
   </div>
   <div class='ocr_carea' id='block_1_9' title="bbox 1479 295 2641 3276">
    <p class='ocr_par' dir='ltr' id='par_1_18' title="bbox 1479 295 2555 506">
     <span class='ocr_line' id='line_1_44' title="bbox 1479 295 2555 358; baseline 0.004 -10"><span class='ocrx_word' id='word_1_226' title='bbox 1479 297 1776 349; x_wconf 60' lang='lat' dir='ltr'>conneQens</span> <span class='ocrx_word' id='word_1_227' title='bbox 1803 333 1817 358; x_wconf 84' lang='grc'>,</span> <span class='ocrx_word' id='word_1_228' title='bbox 1860 312 1913 348; x_wconf 88' lang='lat' dir='ltr'>ut</span> <span class='ocrx_word' id='word_1_229' title='bbox 1955 295 2224 349; x_wconf 88' lang='lat' dir='ltr'>commode</span> <span class='ocrx_word' id='word_1_230' title='bbox 2265 313 2326 349; x_wconf 82' lang='lat' dir='ltr'>ex</span> <span class='ocrx_word' id='word_1_231' title='bbox 2368 314 2469 351; x_wconf 93' lang='lat' dir='ltr'>uno</span> <span class='ocrx_word' id='word_1_232' title='bbox 2507 298 2555 353; x_wconf 84' lang='lat' dir='ltr'>in</span> 
     </span>
     <span class='ocr_line' id='line_1_45' title="bbox 1482 372 2288 429; baseline 0 -2"><span class='ocrx_word' id='word_1_233' title='bbox 1482 373 1692 429; x_wconf 89' lang='lat' dir='ltr'>alterum</span> <span class='ocrx_word' id='word_1_234' title='bbox 1719 374 2023 427; x_wconf 77' lang='lat' dir='ltr'>concedatur</span> <span class='ocrx_word' id='word_1_235' title='bbox 2051 372 2288 427; x_wconf 76' lang='lat' dir='ltr'>transitus,</span> 
     </span>
     <span class='ocr_line' id='line_1_46' title="bbox 1737 453 2324 506; baseline 0 0"><span class='ocrx_word' id='word_1_236' title='bbox 1737 455 2154 506; x_wconf 78' lang='lat' dir='ltr'><strong>DEFJNITIO</strong></span> <span class='ocrx_word' id='word_1_237' title='bbox 2207 453 2324 506; x_wconf 88' lang='lat' dir='ltr'>LV.</span> 
     </span>
    </p>

    <p class='ocr_par' dir='ltr' id='par_1_19' title="bbox 1479 528 2557 758">
     <span class='ocr_line' id='line_1_47' title="bbox 1561 528 2554 602; baseline -0.001 -17"><span class='ocrx_word' id='word_1_238' title='bbox 1561 539 1690 590; x_wconf 86' lang='lat'><strong>242.</strong></span> <span class='ocrx_word' id='word_1_239' title='bbox 1730 528 1887 601; x_wconf 82' lang='lat' dir='ltr'>Sappa</span> <span class='ocrx_word' id='word_1_240' title='bbox 1922 528 2019 582; x_wconf 79' lang='lat' dir='ltr'>five</span> <span class='ocrx_word' id='word_1_241' title='bbox 2045 528 2244 602; x_wconf 81' lang='lat' dir='ltr'>Suffoffio</span> <span class='ocrx_word' id='word_1_242' title='bbox 2279 529 2348 582; x_wconf 88' lang='lat' dir='ltr'>est</span> <span class='ocrx_word' id='word_1_243' title='bbox 2376 530 2554 584; x_wconf 83' lang='lat' dir='ltr'>Acces-</span> 
     </span>
     <span class='ocr_line' id='line_1_48' title="bbox 1479 603 2557 678; baseline 0.006 -17"><span class='ocrx_word' id='word_1_244' title='bbox 1479 603 1553 661; x_wconf 92' lang='lat' dir='ltr'>sus</span> <span class='ocrx_word' id='word_1_245' title='bbox 1589 609 1650 660; x_wconf 86' lang='lat' dir='ltr'>ad</span> <span class='ocrx_word' id='word_1_246' title='bbox 1677 606 1864 662; x_wconf 67' lang='lat' dir='ltr'>Forsam</span> <span class='ocrx_word' id='word_1_247' title='bbox 1891 609 2186 660; x_wconf 86' lang='lat' dir='ltr'>Munimenti</span> <span class='ocrx_word' id='word_1_248' title='bbox 2212 624 2299 678; x_wconf 91' lang='lat' dir='ltr'>per</span> <span class='ocrx_word' id='word_1_249' title='bbox 2326 609 2557 667; x_wconf 84' lang='lat' dir='ltr'>Loricam</span> 
     </span>
     <span class='ocr_line' id='line_1_49' title="bbox 1483 684 2320 758; baseline -0.001 -18"><span class='ocrx_word' id='word_1_250' title='bbox 1483 684 1731 741; x_wconf 88' lang='lat' dir='ltr'>declivem</span> <span class='ocrx_word' id='word_1_251' title='bbox 1763 690 1811 740; x_wconf 85' lang='lat'>&amp;</span> <span class='ocrx_word' id='word_1_252' title='bbox 1834 688 1982 739; x_wconf 84' lang='lat' dir='ltr'>Viam</span> <span class='ocrx_word' id='word_1_253' title='bbox 2008 700 2320 758; x_wconf 81' lang='lat' dir='ltr'>coopertam.</span> 
     </span>
    </p>

    <p class='ocr_par' dir='ltr' id='par_1_20' title="bbox 1690 765 2356 820">
     <span class='ocr_line' id='line_1_50' title="bbox 1690 765 2356 820; baseline 0.003 -2"><span class='ocrx_word' id='word_1_254' title='bbox 1690 765 1878 819; x_wconf 77' lang='lat' dir='ltr'><strong>DEFI</strong></span> <span class='ocrx_word' id='word_1_255' title='bbox 1907 779 2133 818; x_wconf 74' lang='lat' dir='ltr'>urrro</span> <span class='ocrx_word' id='word_1_256' title='bbox 2207 765 2356 820; x_wconf 90' lang='lat' dir='ltr'><strong>LVI.</strong></span> 
     </span>
    </p>

    <p class='ocr_par' dir='ltr' id='par_1_21' title="bbox 1484 840 2561 1210">
     <span class='ocr_line' id='line_1_51' title="bbox 1566 840 2559 914; baseline 0.001 -16"><span class='ocrx_word' id='word_1_257' title='bbox 1566 855 1693 910; x_wconf 85' lang='lat'><strong>243.</strong></span> <span class='ocrx_word' id='word_1_258' title='bbox 1735 845 1887 898; x_wconf 76' lang='lat' dir='ltr'>Vinea</span> <span class='ocrx_word' id='word_1_259' title='bbox 1910 843 1978 897; x_wconf 87' lang='lat' dir='ltr'>est</span> <span class='ocrx_word' id='word_1_260' title='bbox 2006 842 2232 895; x_wconf 87' lang='lat' dir='ltr'>Porticus</span> <span class='ocrx_word' id='word_1_261' title='bbox 2259 861 2343 914; x_wconf 92' lang='lat' dir='ltr'>per</span> <span class='ocrx_word' id='word_1_262' title='bbox 2370 840 2559 899; x_wconf 82' lang='lat' dir='ltr'>Fossam</span> 
     </span>
     <span class='ocr_line' id='line_1_52' title="bbox 1484 917 2559 982; baseline 0.003 -8"><span class='ocrx_word' id='word_1_263' title='bbox 1484 917 1802 976; x_wconf 86' lang='lat' dir='ltr'>transversam</span> <span class='ocrx_word' id='word_1_264' title='bbox 1864 922 2025 976; x_wconf 66' lang='lat' dir='ltr'>erec‘ta</span> <span class='ocrx_word' id='word_1_265' title='bbox 2056 957 2071 982; x_wconf 83' lang='lat'>‚</span> <span class='ocrx_word' id='word_1_266' title='bbox 2129 920 2459 975; x_wconf 87' lang='lat' dir='ltr'>Cuniculariis</span> <span class='ocrx_word' id='word_1_267' title='bbox 2508 926 2559 977; x_wconf 87' lang='lat'>&amp;</span> 
     </span>
     <span class='ocr_line' id='line_1_53' title="bbox 1484 997 2559 1054; baseline 0 -1"><span class='ocrx_word' id='word_1_268' title='bbox 1484 998 1667 1053; x_wconf 89' lang='lat' dir='ltr'>deinde</span> <span class='ocrx_word' id='word_1_269' title='bbox 1705 1000 1947 1053; x_wconf 86' lang='lat' dir='ltr'>Militibus</span> <span class='ocrx_word' id='word_1_270' title='bbox 1991 997 2359 1054; x_wconf 87' lang='lat' dir='ltr'>Munimentum</span> <span class='ocrx_word' id='word_1_271' title='bbox 2393 1001 2443 1054; x_wconf 91' lang='lat' dir='ltr'>vi</span> <span class='ocrx_word' id='word_1_272' title='bbox 2474 1018 2559 1053; x_wconf 84' lang='lat' dir='ltr'>ex-</span> 
     </span>
     <span class='ocr_line' id='line_1_54' title="bbox 1486 1078 2561 1152; baseline 0.002 -21"><span class='ocrx_word' id='word_1_273' title='bbox 1486 1078 1776 1151; x_wconf 85' lang='lat' dir='ltr'>pugnaturis</span> <span class='ocrx_word' id='word_1_274' title='bbox 1820 1078 1884 1131; x_wconf 92' lang='lat' dir='ltr'>ad</span> <span class='ocrx_word' id='word_1_275' title='bbox 1935 1078 2133 1131; x_wconf 84' lang='lat' dir='ltr'>Faciem</span> <span class='ocrx_word' id='word_1_276' title='bbox 2196 1080 2561 1152; x_wconf 84' lang='lat' dir='ltr'>Propugnaculi</span> 
     </span>
     <span class='ocr_line' id='line_1_55' title="bbox 1488 1154 2080 1210; baseline 0 0"><span class='ocrx_word' id='word_1_277' title='bbox 1488 1154 1741 1210; x_wconf 75' lang='lat' dir='ltr'>transitum</span> <span class='ocrx_word' id='word_1_278' title='bbox 1782 1156 2080 1210; x_wconf 71' lang='lat' dir='ltr'>concedens·</span> 
     </span>
    </p>

    <p class='ocr_par' dir='ltr' id='par_1_22' title="bbox 1531 1236 2563 1447">
     <span class='ocr_line' id='line_1_56' title="bbox 1677 1236 2375 1290; baseline -0.003 0"><span class='ocrx_word' id='word_1_279' title='bbox 1677 1240 1945 1290; x_wconf 74' lang='lat' dir='ltr'>PRoBL</span> <span class='ocrx_word' id='word_1_280' title='bbox 1979 1250 2002 1288; x_wconf 85' lang='grc' dir='ltr'>ε</span> <span class='ocrx_word' id='word_1_281' title='bbox 2034 1251 2073 1286; x_wconf 84' lang='lat' dir='ltr'>M</span> <span class='ocrx_word' id='word_1_282' title='bbox 2105 1250 2136 1288; x_wconf 78' lang='lat' dir='ltr'>A</span> <span class='ocrx_word' id='word_1_283' title='bbox 2201 1236 2375 1288; x_wconf 90' lang='lat' dir='ltr'><strong>XLII.</strong></span> 
     </span>
     <span class='ocr_line' id='line_1_57' title="bbox 1531 1312 2563 1387; baseline 0.002 -20"><span class='ocrx_word' id='word_1_284' title='bbox 1531 1324 1560 1371; x_wconf 83' lang='lat'>2</span> <span class='ocrx_word' id='word_1_285' title='bbox 1569 1325 1659 1374; x_wconf 89' lang='lat'>44.</span> <span class='ocrx_word' id='word_1_286' title='bbox 1668 1312 1904 1386; x_wconf 64' lang='lat' dir='ltr'>Acceffitm</span> <span class='ocrx_word' id='word_1_287' title='bbox 1917 1313 2563 1387; x_wconf 76' lang='lat' dir='ltr'>adMunimentumparare.</span> 
     </span>
     <span class='ocr_line' id='line_1_58' title="bbox 1786 1395 2262 1447; baseline -0.002 0"><span class='ocrx_word' id='word_1_288' title='bbox 1786 1395 2262 1447; x_wconf 70' lang='lat' dir='ltr'>REsoLuTIQ</span> 
     </span>
    </p>

    <p class='ocr_par' dir='ltr' id='par_1_23' title="bbox 1496 1469 2641 2252">
     <span class='ocr_line' id='line_1_59' title="bbox 1496 1469 2639 1575; baseline -0.003 -49"><span class='ocrx_word' id='word_1_289' title='bbox 1496 1484 1542 1527; x_wconf 85' lang='lat'>1.</span> <span class='ocrx_word' id='word_1_290' title='bbox 1570 1471 1740 1524; x_wconf 67' lang='lat' dir='ltr'>Noc&#39;tu</span> <span class='ocrx_word' id='word_1_291' title='bbox 1769 1471 1830 1524; x_wconf 88' lang='lat' dir='ltr'>ad</span> <span class='ocrx_word' id='word_1_292' title='bbox 1859 1470 2135 1525; x_wconf 83' lang='lat' dir='ltr'>distantiam</span> <span class='ocrx_word' id='word_1_293' title='bbox 2154 1485 2238 1545; x_wconf 17' lang='lat'>*70</span> <span class='ocrx_word' id='word_1_294' title='bbox 2267 1469 2430 1537; x_wconf 84' lang='lat' dir='ltr'>vel75</span> <span class='ocrx_word' id='word_1_295' title='bbox 2458 1486 2562 1542; x_wconf 86' lang='lat' dir='ltr'>pet·</span> <span class='ocrx_word' id='word_1_296' title='bbox 2632 1506 2639 1575; x_wconf 27' lang='grc' dir='ltr'><strong>ἦ</strong></span> 
     </span>
     <span class='ocr_line' id='line_1_60' title="bbox 1607 1547 2641 1625; baseline -0.002 -21"><span class='ocrx_word' id='word_1_297' title='bbox 1607 1551 1816 1605; x_wconf 86' lang='lat' dir='ltr'>ticarum</span> <span class='ocrx_word' id='word_1_298' title='bbox 1839 1547 1867 1602; x_wconf 71' lang='lat' dir='ltr'>a</span> <span class='ocrx_word' id='word_1_299' title='bbox 1894 1551 1988 1604; x_wconf 90' lang='lat' dir='ltr'>Via</span> <span class='ocrx_word' id='word_1_300' title='bbox 2013 1565 2255 1621; x_wconf 87' lang='lat' dir='ltr'>cooperta</span> <span class='ocrx_word' id='word_1_301' title='bbox 2279 1549 2557 1604; x_wconf 85' lang='lat' dir='ltr'>Munimen-</span> <span class='ocrx_word' id='word_1_302' title='bbox 2631 1579 2641 1625; x_wconf 51' lang='lat' dir='ltr'>fl</span> 
     </span>
     <span class='ocr_line' id='line_1_61' title="bbox 1605 1627 2557 1700; baseline -0.002 -17"><span class='ocrx_word' id='word_1_303' title='bbox 1605 1629 1643 1683; x_wconf 88' lang='lat' dir='ltr'>ti</span> <span class='ocrx_word' id='word_1_304' title='bbox 1666 1628 1848 1682; x_wconf 89' lang='lat' dir='ltr'>Milites</span> <span class='ocrx_word' id='word_1_305' title='bbox 1877 1628 2068 1700; x_wconf 83' lang='lat' dir='ltr'>aliquot</span> <span class='ocrx_word' id='word_1_306' title='bbox 2091 1627 2358 1683; x_wconf 86' lang='lat' dir='ltr'>secundum</span> <span class='ocrx_word' id='word_1_307' title='bbox 2379 1628 2557 1682; x_wconf 89' lang='lat' dir='ltr'>lineam</span> 
     </span>
     <span class='ocr_line' id='line_1_62' title="bbox 1612 1706 2558 1779; baseline -0.006 -14"><span class='ocrx_word' id='word_1_308' title='bbox 1612 1722 1713 1774; x_wconf 83' lang='lat'>30,</span> <span class='ocrx_word' id='word_1_309' title='bbox 1747 1721 1824 1768; x_wconf 86' lang='lat'>40</span> <span class='ocrx_word' id='word_1_310' title='bbox 1859 1706 1939 1759; x_wconf 92' lang='lat' dir='ltr'>vel</span> <span class='ocrx_word' id='word_1_311' title='bbox 1983 1722 2050 1773; x_wconf 82' lang='lat'>50</span> <span class='ocrx_word' id='word_1_312' title='bbox 2081 1707 2232 1779; x_wconf 87' lang='lat' dir='ltr'>pedes</span> <span class='ocrx_word' id='word_1_313' title='bbox 2269 1707 2471 1779; x_wconf 83' lang='lat' dir='ltr'>longam</span> <span class='ocrx_word' id='word_1_314' title='bbox 2507 1710 2558 1759; x_wconf 88' lang='lat'>&amp;</span> 
     </span>
     <span class='ocr_line' id='line_1_63' title="bbox 1609 1784 2634 1857; baseline -0.001 -18"><span class='ocrx_word' id='word_1_315' title='bbox 1609 1784 1672 1839; x_wconf 90' lang='lat' dir='ltr'>ad</span> <span class='ocrx_word' id='word_1_316' title='bbox 1709 1786 1903 1839; x_wconf 83' lang='lat' dir='ltr'>Faciem</span> <span class='ocrx_word' id='word_1_317' title='bbox 1949 1786 2244 1840; x_wconf 88' lang='lat' dir='ltr'>Munimenti</span> <span class='ocrx_word' id='word_1_318' title='bbox 2286 1784 2560 1857; x_wconf 84' lang='lat' dir='ltr'>opposstarn</span> <span class='ocrx_word' id='word_1_319' title='bbox 2632 1785 2634 1798; x_wconf 91' lang='lat'>&#39;</span> 
     </span>
     <span class='ocr_line' id='line_1_64' title="bbox 1608 1861 2564 1937; baseline -0.002 -18"><span class='ocrx_word' id='word_1_320' title='bbox 1608 1865 1869 1937; x_wconf 86' lang='lat' dir='ltr'>obliquam</span> <span class='ocrx_word' id='word_1_321' title='bbox 1920 1866 2169 1920; x_wconf 88' lang='lat' dir='ltr'>constituti</span> <span class='ocrx_word' id='word_1_322' title='bbox 2221 1879 2402 1918; x_wconf 88' lang='lat' dir='ltr'>terram</span> <span class='ocrx_word' id='word_1_323' title='bbox 2442 1861 2564 1917; x_wconf 80' lang='lat' dir='ltr'>effo-</span> 
     </span>
     <span class='ocr_line' id='line_1_65' title="bbox 1607 1939 2568 2016; baseline -0.002 -17"><span class='ocrx_word' id='word_1_324' title='bbox 1607 1944 1746 1999; x_wconf 85' lang='lat' dir='ltr'>diant</span> <span class='ocrx_word' id='word_1_325' title='bbox 1775 1981 1790 2006; x_wconf 87' lang='lat'>,</span> <span class='ocrx_word' id='word_1_326' title='bbox 1833 1944 2155 2016; x_wconf 77' lang='lat' dir='ltr'>egestamque</span> <span class='ocrx_word' id='word_1_327' title='bbox 2206 1939 2368 1997; x_wconf 88' lang='lat' dir='ltr'>versus</span> <span class='ocrx_word' id='word_1_328' title='bbox 2405 1944 2568 1997; x_wconf 84' lang='lat' dir='ltr'>Muni-</span> 
     </span>
     <span class='ocr_line' id='line_1_66' title="bbox 1609 2021 2565 2084; baseline -0.002 -6"><span class='ocrx_word' id='word_1_329' title='bbox 1609 2039 1831 2078; x_wconf 85' lang='lat' dir='ltr'>mentum</span> <span class='ocrx_word' id='word_1_330' title='bbox 1862 2023 1908 2075; x_wconf 88' lang='lat' dir='ltr'>in</span> <span class='ocrx_word' id='word_1_331' title='bbox 1934 2022 2163 2076; x_wconf 86' lang='lat' dir='ltr'>Loricam</span> <span class='ocrx_word' id='word_1_332' title='bbox 2192 2021 2486 2084; x_wconf 75' lang='lat' dir='ltr'>efformem,</span> <span class='ocrx_word' id='word_1_333' title='bbox 2513 2036 2565 2076; x_wconf 86' lang='lat' dir='ltr'>ut</span> 
     </span>
     <span class='ocr_line' id='line_1_67' title="bbox 1609 2098 2564 2156; baseline -0.002 0"><span class='ocrx_word' id='word_1_334' title='bbox 1609 2098 1840 2156; x_wconf 74' lang='lat' dir='ltr'>adversus</span> <span class='ocrx_word' id='word_1_335' title='bbox 1859 2107 2131 2155; x_wconf 84' lang='lat' dir='ltr'>Tormenta</span> <span class='ocrx_word' id='word_1_336' title='bbox 2161 2102 2207 2154; x_wconf 89' lang='lat' dir='ltr'>in</span> <span class='ocrx_word' id='word_1_337' title='bbox 2230 2100 2380 2154; x_wconf 86' lang='lat' dir='ltr'>Vallo</span> <span class='ocrx_word' id='word_1_338' title='bbox 2407 2101 2564 2155; x_wconf 90' lang='lat' dir='ltr'>Muni-</span> 
     </span>
     <span class='ocr_line' id='line_1_68' title="bbox 1613 2180 2641 2252; baseline 0.001 -19"><span class='ocrx_word' id='word_1_339' title='bbox 1613 2181 1764 2233; x_wconf 87' lang='lat' dir='ltr'>menti</span> <span class='ocrx_word' id='word_1_340' title='bbox 1791 2180 2038 2233; x_wconf 86' lang='lat' dir='ltr'>collocata</span> <span class='ocrx_word' id='word_1_341' title='bbox 2063 2197 2312 2252; x_wconf 83' lang='lat' dir='ltr'>tegantur.</span> <span class='ocrx_word' id='word_1_342' title='bbox 2636 2184 2641 2187; x_wconf 68' lang='grc'><em>’</em></span> 
     </span>
    </p>

    <p class='ocr_par' dir='ltr' id='par_1_24' title="bbox 1496 2255 2641 2883">
     <span class='ocr_line' id='line_1_69' title="bbox 1496 2255 2641 2315; baseline -0.003 0"><span class='ocrx_word' id='word_1_343' title='bbox 1496 2269 1547 2315; x_wconf 86' lang='grc'>2.</span> <span class='ocrx_word' id='word_1_344' title='bbox 1586 2259 1723 2314; x_wconf 75' lang='lat' dir='ltr'>fosta</span> <span class='ocrx_word' id='word_1_345' title='bbox 1748 2258 1850 2312; x_wconf 85' lang='lat' dir='ltr'>haec</span> <span class='ocrx_word' id='word_1_346' title='bbox 1876 2260 2084 2313; x_wconf 87' lang='lat' dir='ltr'>modicae</span> <span class='ocrx_word' id='word_1_347' title='bbox 2111 2255 2384 2313; x_wconf 86' lang='lat' dir='ltr'>latitudinis</span> <span class='ocrx_word' id='word_1_348' title='bbox 2412 2255 2439 2311; x_wconf 72' lang='lat' dir='ltr'>a</span> <span class='ocrx_word' id='word_1_349' title='bbox 2460 2257 2560 2313; x_wconf 87' lang='lat' dir='ltr'>Mi-</span> <span class='ocrx_word' id='word_1_350' title='bbox 2638 2286 2641 2288; x_wconf 93' lang='lat'>·</span> 
     </span>
     <span class='ocr_line' id='line_1_70' title="bbox 1611 2337 2558 2410; baseline 0.002 -19"><span class='ocrx_word' id='word_1_351' title='bbox 1611 2338 1778 2391; x_wconf 90' lang='lat' dir='ltr'>litibus</span> <span class='ocrx_word' id='word_1_352' title='bbox 1816 2337 1920 2390; x_wconf 88' lang='lat' dir='ltr'>aliis</span> <span class='ocrx_word' id='word_1_353' title='bbox 1951 2339 2209 2410; x_wconf 83' lang='lat' dir='ltr'>amplietur</span> <span class='ocrx_word' id='word_1_354' title='bbox 2234 2375 2249 2401; x_wconf 86' lang='lat'>‚</span> <span class='ocrx_word' id='word_1_355' title='bbox 2291 2338 2453 2390; x_wconf 89' lang='lat' dir='ltr'>donec</span> <span class='ocrx_word' id='word_1_356' title='bbox 2498 2350 2558 2393; x_wconf 92' lang='lat'>12</span> 
     </span>
     <span class='ocr_line' id='line_1_71' title="bbox 1610 2415 2558 2490; baseline 0 -20"><span class='ocrx_word' id='word_1_357' title='bbox 1610 2415 1762 2490; x_wconf 86' lang='lat' dir='ltr'>pedes</span> <span class='ocrx_word' id='word_1_358' title='bbox 1801 2415 2033 2488; x_wconf 72' lang='lat' dir='ltr'>adaequet</span> <span class='ocrx_word' id='word_1_359' title='bbox 2082 2421 2133 2470; x_wconf 69' lang='grc' dir='ltr'>ἃ</span> <span class='ocrx_word' id='word_1_360' title='bbox 2176 2415 2487 2488; x_wconf 85' lang='lat' dir='ltr'>profunditas</span> <span class='ocrx_word' id='word_1_361' title='bbox 2531 2429 2558 2479; x_wconf 86' lang='lat'>3</span> 
     </span>
     <span class='ocr_line' id='line_1_72' title="bbox 1610 2491 2560 2559; baseline -0.005 -10"><span class='ocrx_word' id='word_1_362' title='bbox 1610 2496 1865 2549; x_wconf 82' lang='lat' dir='ltr'>minimum</span> <span class='ocrx_word' id='word_1_363' title='bbox 1890 2532 1903 2556; x_wconf 87' lang='lat'>‚</span> <span class='ocrx_word' id='word_1_364' title='bbox 1941 2494 2156 2549; x_wconf 84' lang='lat' dir='ltr'>altitudo</span> <span class='ocrx_word' id='word_1_365' title='bbox 2194 2493 2382 2548; x_wconf 86' lang='lat' dir='ltr'>Loricae</span> <span class='ocrx_word' id='word_1_366' title='bbox 2421 2508 2447 2559; x_wconf 85' lang='lat'>3</span> <span class='ocrx_word' id='word_1_367' title='bbox 2491 2491 2560 2545; x_wconf 90' lang='lat' dir='ltr'>iti-</span> 
     </span>
     <span class='ocr_line' id='line_1_73' title="bbox 1605 2570 2560 2645; baseline -0.003 -18"><span class='ocrx_word' id='word_1_368' title='bbox 1605 2574 1722 2628; x_wconf 89' lang='lat' dir='ltr'>dem</span> <span class='ocrx_word' id='word_1_369' title='bbox 1747 2573 1932 2645; x_wconf 80' lang='lat' dir='ltr'>pedum</span> <span class='ocrx_word' id='word_1_370' title='bbox 1970 2570 2205 2637; x_wconf 86' lang='lat' dir='ltr'>evaserit,</span> <span class='ocrx_word' id='word_1_371' title='bbox 2246 2589 2300 2626; x_wconf 89' lang='lat' dir='ltr'>ut</span> <span class='ocrx_word' id='word_1_372' title='bbox 2324 2575 2560 2626; x_wconf 88' lang='lat' dir='ltr'>Tormen-</span> 
     </span>
     <span class='ocr_line' id='line_1_74' title="bbox 1608 2649 2558 2721; baseline -0.004 -16"><span class='ocrx_word' id='word_1_373' title='bbox 1608 2668 1659 2707; x_wconf 84' lang='lat' dir='ltr'>ta</span> <span class='ocrx_word' id='word_1_374' title='bbox 1701 2652 1879 2707; x_wconf 79' lang='lat' dir='ltr'>bellica</span> <span class='ocrx_word' id='word_1_375' title='bbox 1919 2670 2030 2705; x_wconf 87' lang='lat' dir='ltr'>cum</span> <span class='ocrx_word' id='word_1_376' title='bbox 2068 2649 2157 2707; x_wconf 86' lang='lat' dir='ltr'>suo</span> <span class='ocrx_word' id='word_1_377' title='bbox 2197 2652 2433 2705; x_wconf 85' lang='lat' dir='ltr'>comitatu</span> <span class='ocrx_word' id='word_1_378' title='bbox 2473 2665 2558 2721; x_wconf 82' lang='lat' dir='ltr'>per</span> 
     </span>
     <span class='ocr_line' id='line_1_75' title="bbox 1607 2728 2555 2786; baseline -0.004 0"><span class='ocrx_word' id='word_1_379' title='bbox 1607 2750 1718 2786; x_wconf 81' lang='lat' dir='ltr'>eam</span> <span class='ocrx_word' id='word_1_380' title='bbox 1750 2731 2021 2786; x_wconf 88' lang='lat' dir='ltr'>commode</span> <span class='ocrx_word' id='word_1_381' title='bbox 2049 2733 2101 2785; x_wconf 65' lang='grc' dir='ltr'>ὃς</span> <span class='ocrx_word' id='word_1_382' title='bbox 2126 2728 2236 2784; x_wconf 88' lang='lat' dir='ltr'>satis</span> <span class='ocrx_word' id='word_1_383' title='bbox 2271 2733 2399 2784; x_wconf 61' lang='lat' dir='ltr'>tedia</span> <span class='ocrx_word' id='word_1_384' title='bbox 2428 2744 2555 2782; x_wconf 84' lang='lat' dir='ltr'>tran·</span> 
     </span>
     <span class='ocr_line' id='line_1_76' title="bbox 1608 2809 1933 2883; baseline 0 -19"><span class='ocrx_word' id='word_1_385' title='bbox 1608 2809 1695 2864; x_wconf 82' lang='lat' dir='ltr'>fite</span> <span class='ocrx_word' id='word_1_386' title='bbox 1727 2825 1933 2883; x_wconf 87' lang='lat' dir='ltr'>queant.</span> 
     </span>
    </p>

    <p class='ocr_par' dir='ltr' id='par_1_25' title="bbox 1494 2882 2641 3276">
     <span class='ocr_line' id='line_1_77' title="bbox 1494 2882 2641 2964; baseline -0.003 -23"><span class='ocrx_word' id='word_1_387' title='bbox 1494 2901 1544 2953; x_wconf 86' lang='lat'>3.</span> <span class='ocrx_word' id='word_1_388' title='bbox 1573 2890 1677 2944; x_wconf 90' lang='lat' dir='ltr'>Sub</span> <span class='ocrx_word' id='word_1_389' title='bbox 1710 2889 1964 2942; x_wconf 86' lang='lat' dir='ltr'>introitum</span> <span class='ocrx_word' id='word_1_390' title='bbox 1992 2893 2042 2942; x_wconf 73' lang='grc' dir='ltr'>δε</span> <span class='ocrx_word' id='word_1_391' title='bbox 2062 2887 2303 2942; x_wconf 64' lang='lat' dir='ltr'>anfractus</span> <span class='ocrx_word' id='word_1_392' title='bbox 2329 2882 2553 2941; x_wconf 78' lang='lat' dir='ltr'>Acceffus</span> <span class='ocrx_word' id='word_1_393' title='bbox 2567 2906 2641 2964; x_wconf 56' lang='lat' dir='ltr'>nx</span> 
     </span>
     <span class='ocr_line' id='line_1_78' title="bbox 1608 2966 2641 3034; baseline -0.008 -13"><span class='ocrx_word' id='word_1_394' title='bbox 1608 2968 1884 3021; x_wconf 86' lang='lat' dir='ltr'>excitentur</span> <span class='ocrx_word' id='word_1_395' title='bbox 1913 2968 2161 3022; x_wconf 64' lang='lat' dir='ltr'>Reductus</span> <span class='ocrx_word' id='word_1_396' title='bbox 2195 2967 2242 3019; x_wconf 82' lang='lat' dir='ltr'>A</span> <span class='ocrx_word' id='word_1_397' title='bbox 2263 3006 2288 3029; x_wconf 74' lang='lat'>&gt;—</span> <span class='ocrx_word' id='word_1_398' title='bbox 2310 2982 2396 3019; x_wconf 86' lang='lat' dir='ltr'>aut</span> <span class='ocrx_word' id='word_1_399' title='bbox 2421 2966 2553 3018; x_wconf 86' lang='lat' dir='ltr'>Areae</span> <span class='ocrx_word' id='word_1_400' title='bbox 2568 2981 2641 3034; x_wconf 35' lang='grc' dir='ltr'>Εἰς</span> 
     </span>
     <span class='ocr_line' id='line_1_79' title="bbox 1606 3046 2554 3115; baseline -0.007 -15"><span class='ocrx_word' id='word_1_401' title='bbox 1606 3046 1866 3109; x_wconf 80' lang='lat' dir='ltr'>Militum,</span> <span class='ocrx_word' id='word_1_402' title='bbox 1910 3062 1963 3098; x_wconf 91' lang='lat' dir='ltr'>ut</span> <span class='ocrx_word' id='word_1_403' title='bbox 2000 3046 2188 3099; x_wconf 87' lang='lat' dir='ltr'>Milites</span> <span class='ocrx_word' id='word_1_404' title='bbox 2223 3046 2337 3097; x_wconf 88' lang='lat' dir='ltr'>inde</span> <span class='ocrx_word' id='word_1_405' title='bbox 2376 3048 2554 3115; x_wconf 88' lang='lat' dir='ltr'>Opera-</span> 
     </span>
     <span class='ocr_line' id='line_1_80' title="bbox 1600 3118 2630 3197; baseline -0.01 -17"><span class='ocrx_word' id='word_1_406' title='bbox 1600 3126 1679 3180; x_wconf 87' lang='lat' dir='ltr'>riis</span> <span class='ocrx_word' id='word_1_407' title='bbox 1707 3123 1980 3179; x_wconf 88' lang='lat' dir='ltr'>succurrere</span> <span class='ocrx_word' id='word_1_408' title='bbox 2007 3124 2181 3197; x_wconf 83' lang='lat' dir='ltr'>poffint</span> <span class='ocrx_word' id='word_1_409' title='bbox 2206 3119 2433 3177; x_wconf 86' lang='lat' dir='ltr'>adversus</span> <span class='ocrx_word' id='word_1_410' title='bbox 2467 3118 2554 3172; x_wconf 89' lang='lat' dir='ltr'>Mi·</span> <span class='ocrx_word' id='word_1_411' title='bbox 2627 3137 2630 3140; x_wconf 49' lang='lat'><strong>⁴</strong></span> 
     </span>
     <span class='ocr_line' id='line_1_81' title="bbox 1603 3193 2554 3276; baseline -0.011 -18"><span class='ocrx_word' id='word_1_412' title='bbox 1603 3204 1712 3258; x_wconf 86' lang='lat' dir='ltr'>lites</span> <span class='ocrx_word' id='word_1_413' title='bbox 1750 3203 2064 3276; x_wconf 80' lang='lat' dir='ltr'>praefidiarios</span> <span class='ocrx_word' id='word_1_414' title='bbox 2095 3217 2408 3256; x_wconf 84' lang='lat' dir='ltr'>excurrentes</span> <span class='ocrx_word' id='word_1_415' title='bbox 2430 3238 2444 3256; x_wconf 94' lang='lat'>,</span> <span class='ocrx_word' id='word_1_416' title='bbox 2482 3193 2554 3250; x_wconf 85' lang='lat' dir='ltr'>vel</span> 
     </span>
    </p>
   </div>
   <div class='ocr_carea' id='block_1_10' title="bbox 1602 3277 2559 3401">
    <p class='ocr_par' dir='ltr' id='par_1_26' title="bbox 1602 3277 2559 3401">
     <span class='ocr_line' id='line_1_82' title="bbox 1602 3277 2559 3358; baseline -0.01 -19"><span class='ocrx_word' id='word_1_417' title='bbox 1602 3283 1755 3339; x_wconf 87' lang='lat' dir='ltr'>etiarn</span> <span class='ocrx_word' id='word_1_418' title='bbox 1782 3283 2010 3358; x_wconf 78' lang='lat' dir='ltr'>operarii</span> <span class='ocrx_word' id='word_1_419' title='bbox 2033 3282 2105 3341; x_wconf 78' lang='lat' dir='ltr'>his</span> <span class='ocrx_word' id='word_1_420' title='bbox 2128 3278 2337 3341; x_wconf 72' lang='lat' dir='ltr'>resistere</span> <span class='ocrx_word' id='word_1_421' title='bbox 2364 3277 2559 3336; x_wconf 71' lang='lat' dir='ltr'>minime</span> 
     </span>
     <span class='ocr_line' id='line_1_83' title="bbox 2490 3362 2556 3401; baseline -0.061 0"><span class='ocrx_word' id='word_1_422' title='bbox 2490 3362 2556 3401; x_wconf 70' lang='lat' dir='ltr'>va·</span> 
     </span>
    </p>
   </div>
  </div>
 </body>
</html>
