<?xml version="1.0" encoding="UTF-8"?>
<!DOCTYPE html PUBLIC "-//W3C//DTD XHTML 1.0 Transitional//EN"
    "http://www.w3.org/TR/xhtml1/DTD/xhtml1-transitional.dtd">
<html xmlns="http://www.w3.org/1999/xhtml" xml:lang="en" lang="en">
 <head>
  <title>
</title>
<meta http-equiv="Content-Type" content="text/html;charset=utf-8" />
  <meta name='ocr-system' content='tesseract 3.04.00' />
  <meta name='ocr-capabilities' content='ocr_page ocr_carea ocr_par ocr_line ocrx_word'/>
</head>
<body>
  <div class='ocr_page' id='page_1' title='image "./elementamatheseo04wolf_0211.png"; bbox 0 0 2641 3687; ppageno 0'>
   <div class='ocr_carea' id='block_1_1' title="bbox 138 116 2314 231">
    <p class='ocr_par' dir='ltr' id='par_1_1' title="bbox 138 116 2314 231">
     <span class='ocr_line' id='line_1_1' title="bbox 138 116 2314 231; baseline -0.008 -18"><span class='ocrx_word' id='word_1_1' title='bbox 138 156 325 231; x_wconf 52' lang='lat' dir='ltr'>capy.</span> <span class='ocrx_word' id='word_1_2' title='bbox 385 154 499 211; x_wconf 77' lang='lat' dir='ltr'>DE</span> <span class='ocrx_word' id='word_1_3' title='bbox 556 146 1183 207; x_wconf 72' lang='lat' dir='ltr'>HoRoLooMs</span> <span class='ocrx_word' id='word_1_4' title='bbox 1241 139 1809 198; x_wconf 65' lang='lat' dir='ltr'>soLARmUs</span> <span class='ocrx_word' id='word_1_5' title='bbox 1870 116 2116 194; x_wconf 54' lang='lat' dir='ltr'>Aius.</span> <span class='ocrx_word' id='word_1_6' title='bbox 2206 145 2314 205; x_wconf 83' lang='lat'>187</span> 
     </span>
    </p>
   </div>
   <div class='ocr_carea' id='block_1_2' title="bbox 354 282 821 336">
    <p class='ocr_par' dir='ltr' id='par_1_2' title="bbox 354 282 821 336">
     <span class='ocr_line' id='line_1_2' title="bbox 354 282 821 336; baseline -0.021 1"><span class='ocrx_word' id='word_1_7' title='bbox 354 282 821 336; x_wconf 82' lang='lat' dir='ltr'>ScHoLloN.</span> 
     </span>
    </p>
   </div>
   <div class='ocr_carea' id='block_1_3' title="bbox 48 362 1124 693">
    <p class='ocr_par' dir='ltr' id='par_1_3' title="bbox 48 362 1124 693">
     <span class='ocr_line' id='line_1_3' title="bbox 126 362 1124 423; baseline -0.013 -6"><span class='ocrx_word' id='word_1_8' title='bbox 126 378 233 417; x_wconf 79' lang='lat'>162.</span> <span class='ocrx_word' id='word_1_9' title='bbox 270 373 456 416; x_wconf 74' lang='lat' dir='ltr'>Suadent</span> <span class='ocrx_word' id='word_1_10' title='bbox 486 368 597 418; x_wconf 83' lang='lat' dir='ltr'>alii,</span> <span class='ocrx_word' id='word_1_11' title='bbox 630 377 678 411; x_wconf 85' lang='lat' dir='ltr'>ut</span> <span class='ocrx_word' id='word_1_12' title='bbox 715 362 872 410; x_wconf 83' lang='lat' dir='ltr'>circulo</span> <span class='ocrx_word' id='word_1_13' title='bbox 901 363 1013 408; x_wconf 81' lang='lat' dir='ltr'>circa</span> <span class='ocrx_word' id='word_1_14' title='bbox 1044 365 1124 423; x_wconf 75' lang='lat' dir='ltr'>Cy-</span> 
     </span>
     <span class='ocr_line' id='line_1_4' title="bbox 51 428 1120 493; baseline -0.013 -9"><span class='ocrx_word' id='word_1_15' title='bbox 51 438 238 484; x_wconf 67' lang='lat' dir='ltr'>lindrum</span> <span class='ocrx_word' id='word_1_16' title='bbox 266 437 480 486; x_wconf 70' lang='lat' dir='ltr'>volubili,</span> <span class='ocrx_word' id='word_1_17' title='bbox 512 429 708 493; x_wconf 78' lang='lat' dir='ltr'>affigatur</span> <span class='ocrx_word' id='word_1_18' title='bbox 746 432 884 475; x_wconf 86' lang='lat' dir='ltr'><em>Index</em></span> <span class='ocrx_word' id='word_1_19' title='bbox 914 428 1075 475; x_wconf 70' lang='lat' dir='ltr'>erefius</span> <span class='ocrx_word' id='word_1_20' title='bbox 1105 458 1120 478; x_wconf 86' lang='lat'><em>‚</em></span> 
     </span>
     <span class='ocr_line' id='line_1_5' title="bbox 54 494 1122 561; baseline -0.009 -12"><span class='ocrx_word' id='word_1_21' title='bbox 54 505 202 549; x_wconf 82' lang='lat' dir='ltr'>horam</span> <span class='ocrx_word' id='word_1_22' title='bbox 231 503 528 553; x_wconf 74' lang='lat' dir='ltr'>indica&#39;turus,</span> <span class='ocrx_word' id='word_1_23' title='bbox 558 500 719 561; x_wconf 84' lang='lat' dir='ltr'>quando</span> <span class='ocrx_word' id='word_1_24' title='bbox 744 497 898 541; x_wconf 74' lang='lat' dir='ltr'>nullam</span> <span class='ocrx_word' id='word_1_25' title='bbox 927 494 1122 539; x_wconf 73' lang='lat' dir='ltr'>umbram</span> 
     </span>
     <span class='ocr_line' id='line_1_6' title="bbox 48 563 1120 630; baseline -0.009 -17"><span class='ocrx_word' id='word_1_26' title='bbox 48 572 237 630; x_wconf 66' lang='lat' dir='ltr'>projicit.</span> <span class='ocrx_word' id='word_1_27' title='bbox 278 569 383 613; x_wconf 68' lang='lat' dir='ltr'>Tum</span> <span class='ocrx_word' id='word_1_28' title='bbox 399 584 500 614; x_wconf 83' lang='lat' dir='ltr'>vero</span> <span class='ocrx_word' id='word_1_29' title='bbox 517 567 619 612; x_wconf 85' lang='lat' dir='ltr'>hora</span> <span class='ocrx_word' id='word_1_30' title='bbox 639 565 882 609; x_wconf 79' lang='lat' dir='ltr'>duodecima</span> <span class='ocrx_word' id='word_1_31' title='bbox 899 563 1007 611; x_wconf 79' lang='lat' dir='ltr'>erit,</span> <span class='ocrx_word' id='word_1_32' title='bbox 1033 575 1120 621; x_wconf 76' lang='lat' dir='ltr'>quae</span> 
     </span>
     <span class='ocr_line' id='line_1_7' title="bbox 52 636 451 693; baseline -0.003 -13"><span class='ocrx_word' id='word_1_33' title='bbox 52 647 179 680; x_wconf 74' lang='lat' dir='ltr'>ante-z</span> <span class='ocrx_word' id='word_1_34' title='bbox 199 647 294 680; x_wconf 79' lang='lat' dir='ltr'>erat</span> <span class='ocrx_word' id='word_1_35' title='bbox 311 636 451 693; x_wconf 83' lang='lat' dir='ltr'>sexta.</span> 
     </span>
    </p>
   </div>
   <div class='ocr_carea' id='block_1_4' title="bbox 201 712 965 773">
    <p class='ocr_par' dir='ltr' id='par_1_4' title="bbox 201 712 965 773">
     <span class='ocr_line' id='line_1_8' title="bbox 201 712 965 773; baseline -0.01 0"><span class='ocrx_word' id='word_1_36' title='bbox 201 724 676 773; x_wconf 67' lang='lat' dir='ltr'>PRossLsMA</span> <span class='ocrx_word' id='word_1_37' title='bbox 722 712 965 766; x_wconf 84' lang='lat' dir='ltr'><strong>XLVII.</strong></span> 
     </span>
    </p>
   </div>
   <div class='ocr_carea' id='block_1_5' title="bbox 139 808 1115 879">
    <p class='ocr_par' dir='ltr' id='par_1_5' title="bbox 139 808 1115 879">
     <span class='ocr_line' id='line_1_9' title="bbox 139 808 1115 879; baseline -0.013 -6"><span class='ocrx_word' id='word_1_38' title='bbox 139 825 262 879; x_wconf 86' lang='lat'><strong>163.</strong></span> <span class='ocrx_word' id='word_1_39' title='bbox 310 816 503 870; x_wconf 77' lang='lat' dir='ltr'>Crucem</span> <span class='ocrx_word' id='word_1_40' title='bbox 578 811 931 864; x_wconf 64' lang='lat' dir='ltr'>&amp;nomana-am</span> <span class='ocrx_word' id='word_1_41' title='bbox 987 808 1115 875; x_wconf 74' lang='lat' dir='ltr'>cons-</span> 
     </span>
    </p>
   </div>
   <div class='ocr_carea' id='block_1_6' title="bbox 54 910 838 1024">
    <p class='ocr_par' dir='ltr' id='par_1_6' title="bbox 54 910 838 1024">
     <span class='ocr_line' id='line_1_10' title="bbox 54 910 228 949; baseline -0.006 -2"><span class='ocrx_word' id='word_1_42' title='bbox 54 910 228 949; x_wconf 73' lang='lat' dir='ltr'>truere.</span> 
     </span>
     <span class='ocr_line' id='line_1_11' title="bbox 328 973 838 1024; baseline -0.012 0"><span class='ocrx_word' id='word_1_43' title='bbox 328 973 838 1024; x_wconf 71' lang='lat' dir='ltr'>Rfisoturto.</span> 
     </span>
    </p>
   </div>
   <div class='ocr_carea' id='block_1_7' title="bbox 0 1055 1119 2466">
    <p class='ocr_par' dir='ltr' id='par_1_7' title="bbox 62 1055 1119 1138">
     <span class='ocr_line' id='line_1_12' title="bbox 62 1055 1119 1138; baseline -0.012 -15"><span class='ocrx_word' id='word_1_44' title='bbox 62 1081 107 1123; x_wconf 89' lang='lat'>1.</span> <span class='ocrx_word' id='word_1_45' title='bbox 135 1066 329 1136; x_wconf 80' lang='lat' dir='ltr'>Qovis</span> <span class='ocrx_word' id='word_1_46' title='bbox 356 1057 533 1138; x_wconf 79' lang='lat' dir='ltr'>angulo</span> <span class='ocrx_word' id='word_1_47' title='bbox 569 1064 742 1119; x_wconf 82' lang='lat' dir='ltr'>Crucis</span> <span class='ocrx_word' id='word_1_48' title='bbox 772 1062 819 1114; x_wconf 99' lang='lat' dir='ltr'>A</span> <span class='ocrx_word' id='word_1_49' title='bbox 857 1060 939 1114; x_wconf 88' lang='lat' dir='ltr'>vel</span> <span class='ocrx_word' id='word_1_50' title='bbox 976 1060 1015 1110; x_wconf 89' lang='lat' dir='ltr'>B</span> <span class='ocrx_word' id='word_1_51' title='bbox 1050 1055 1119 1111; x_wconf 86' lang='lat' dir='ltr'>as-</span> 
     </span>
    </p>

    <p class='ocr_par' dir='ltr' id='par_1_8' title="bbox 0 1136 1116 1215">
     <span class='ocr_line' id='line_1_13' title="bbox 0 1136 1116 1215; baseline -0.01 -16"><span class='ocrx_word' id='word_1_52' title='bbox 0 1136 7 1149; x_wconf 73' lang='grc'>’</span> <span class='ocrx_word' id='word_1_53' title='bbox 172 1144 331 1197; x_wconf 84' lang='lat' dir='ltr'>sumto</span> <span class='ocrx_word' id='word_1_54' title='bbox 356 1163 445 1215; x_wconf 87' lang='lat' dir='ltr'>pro</span> <span class='ocrx_word' id='word_1_55' title='bbox 466 1160 629 1197; x_wconf 87' lang='lat' dir='ltr'>centro</span> <span class='ocrx_word' id='word_1_56' title='bbox 646 1185 656 1203; x_wconf 90' lang='lat'>,</span> <span class='ocrx_word' id='word_1_57' title='bbox 677 1141 815 1195; x_wconf 85' lang='lat' dir='ltr'>radio</span> <span class='ocrx_word' id='word_1_58' title='bbox 839 1139 921 1196; x_wconf 84' lang='lat' dir='ltr'>A6</span> <span class='ocrx_word' id='word_1_59' title='bbox 950 1140 1025 1189; x_wconf 88' lang='lat' dir='ltr'>vel</span> <span class='ocrx_word' id='word_1_60' title='bbox 1042 1140 1116 1193; x_wconf 75' lang='lat'>136</span> 
     </span>
    </p>

    <p class='ocr_par' dir='ltr' id='par_1_9' title="bbox 1 1215 1117 1373">
     <span class='ocr_line' id='line_1_14' title="bbox 1 1215 1117 1295; baseline -0.013 -13"><span class='ocrx_word' id='word_1_61' title='bbox 1 1250 40 1286; x_wconf 85' lang='lat'>2.</span> <span class='ocrx_word' id='word_1_62' title='bbox 170 1220 473 1277; x_wconf 60' lang='lat' dir='ltr'>describatur</span> <span class='ocrx_word' id='word_1_63' title='bbox 494 1223 736 1295; x_wconf 87' lang='lat' dir='ltr'>quadrans</span> <span class='ocrx_word' id='word_1_64' title='bbox 769 1217 817 1271; x_wconf 91' lang='lat' dir='ltr'>in</span> <span class='ocrx_word' id='word_1_65' title='bbox 844 1215 921 1271; x_wconf 85' lang='lat' dir='ltr'>sex</span> <span class='ocrx_word' id='word_1_66' title='bbox 958 1232 1117 1289; x_wconf 83' lang='lat' dir='ltr'>partes</span> 
     </span>
     <span class='ocr_line' id='line_1_15' title="bbox 169 1299 704 1373; baseline -0.006 -19"><span class='ocrx_word' id='word_1_67' title='bbox 169 1301 377 1373; x_wconf 71' lang='lat' dir='ltr'>aequales</span> <span class='ocrx_word' id='word_1_68' title='bbox 400 1299 704 1353; x_wconf 67' lang='lat' dir='ltr'>dividendus</span> 
     </span>
    </p>

    <p class='ocr_par' dir='ltr' id='par_1_10' title="bbox 56 1371 1119 1841">
     <span class='ocr_line' id='line_1_16' title="bbox 56 1371 1118 1450; baseline -0.012 -15"><span class='ocrx_word' id='word_1_69' title='bbox 56 1390 107 1435; x_wconf 86' lang='lat'>2.</span> <span class='ocrx_word' id='word_1_70' title='bbox 135 1383 209 1434; x_wconf 85' lang='lat' dir='ltr'>Ex</span> <span class='ocrx_word' id='word_1_71' title='bbox 236 1377 419 1432; x_wconf 86' lang='lat' dir='ltr'>eodem</span> <span class='ocrx_word' id='word_1_72' title='bbox 446 1378 627 1450; x_wconf 82' lang='lat' dir='ltr'>angulo</span> <span class='ocrx_word' id='word_1_73' title='bbox 651 1394 734 1448; x_wconf 75' lang='lat' dir='ltr'>per</span> <span class='ocrx_word' id='word_1_74' title='bbox 761 1375 992 1447; x_wconf 66' lang='lat' dir='ltr'>pund’ffli</span> <span class='ocrx_word' id='word_1_75' title='bbox 963 1371 1118 1443; x_wconf 82' lang='lat' dir='ltr'>singu-</span> 
     </span>
     <span class='ocr_line' id='line_1_17' title="bbox 168 1455 1114 1529; baseline -0.007 -20.98"><span class='ocrx_word' id='word_1_76' title='bbox 168 1458 215 1510; x_wconf 84' lang='lat' dir='ltr'>la</span> <span class='ocrx_word' id='word_1_77' title='bbox 240 1455 533 1510; x_wconf 82' lang='lat' dir='ltr'>divisionum</span> <span class='ocrx_word' id='word_1_78' title='bbox 565 1471 770 1529; x_wconf 83' lang='lat' dir='ltr'>agantur</span> <span class='ocrx_word' id='word_1_79' title='bbox 803 1455 943 1507; x_wconf 64' lang='lat' dir='ltr'>redae</span> <span class='ocrx_word' id='word_1_80' title='bbox 984 1455 1114 1506; x_wconf 69' lang='lat' dir='ltr'>Cru-</span> 
     </span>
     <span class='ocr_line' id='line_1_18' title="bbox 166 1533 1119 1607; baseline -0.007 -20"><span class='ocrx_word' id='word_1_81' title='bbox 166 1535 232 1588; x_wconf 88' lang='lat' dir='ltr'>cis</span> <span class='ocrx_word' id='word_1_82' title='bbox 278 1537 403 1607; x_wconf 89' lang='lat' dir='ltr'>parti</span> <span class='ocrx_word' id='word_1_83' title='bbox 449 1535 614 1588; x_wconf 71' lang='lat' dir='ltr'>vicinae</span> <span class='ocrx_word' id='word_1_84' title='bbox 661 1547 976 1587; x_wconf 79' lang='lat' dir='ltr'>occurrentes</span> <span class='ocrx_word' id='word_1_85' title='bbox 1000 1568 1015 1588; x_wconf 78' lang='lat'><em>‚</em></span> <span class='ocrx_word' id='word_1_86' title='bbox 1069 1533 1119 1581; x_wconf 84' lang='lat'>&amp;</span> 
     </span>
     <span class='ocr_line' id='line_1_19' title="bbox 169 1609 1118 1685; baseline -0.006 -20"><span class='ocrx_word' id='word_1_87' title='bbox 169 1614 357 1685; x_wconf 59' lang='lat' dir='ltr'>pund‘tis</span> <span class='ocrx_word' id='word_1_88' title='bbox 426 1609 711 1666; x_wconf 85' lang='lat' dir='ltr'>occursuum</span> <span class='ocrx_word' id='word_1_89' title='bbox 785 1609 1118 1662; x_wconf 80' lang='lat' dir='ltr'>adscribantur</span> 
     </span>
     <span class='ocr_line' id='line_1_20' title="bbox 170 1688 1115 1761; baseline -0.004 -18"><span class='ocrx_word' id='word_1_90' title='bbox 170 1692 300 1745; x_wconf 86' lang='lat' dir='ltr'>horae</span> <span class='ocrx_word' id='word_1_91' title='bbox 327 1709 389 1743; x_wconf 88' lang='lat' dir='ltr'>eo</span> <span class='ocrx_word' id='word_1_92' title='bbox 421 1691 618 1752; x_wconf 81' lang='lat' dir='ltr'>ordine,</span> <span class='ocrx_word' id='word_1_93' title='bbox 643 1709 746 1761; x_wconf 80' lang='lat' dir='ltr'>quo</span> <span class='ocrx_word' id='word_1_94' title='bbox 788 1690 836 1741; x_wconf 87' lang='lat' dir='ltr'>id</span> <span class='ocrx_word' id='word_1_95' title='bbox 875 1689 925 1741; x_wconf 82' lang='lat' dir='ltr'>in</span> <span class='ocrx_word' id='word_1_96' title='bbox 963 1688 1115 1741; x_wconf 83' lang='lat' dir='ltr'>Sche-</span> 
     </span>
     <span class='ocr_line' id='line_1_21' title="bbox 170 1764 867 1841; baseline -0.001 -20"><span class='ocrx_word' id='word_1_97' title='bbox 170 1786 300 1821; x_wconf 82' lang='lat' dir='ltr'>mate</span> <span class='ocrx_word' id='word_1_98' title='bbox 328 1766 506 1823; x_wconf 63' lang='lat' dir='ltr'>factum</span> <span class='ocrx_word' id='word_1_99' title='bbox 532 1764 624 1824; x_wconf 69' lang='lat' dir='ltr'>ess&#39;e</span> <span class='ocrx_word' id='word_1_100' title='bbox 648 1783 867 1841; x_wconf 80' lang='lat' dir='ltr'>apparet.</span> 
     </span>
    </p>

    <p class='ocr_par' dir='ltr' id='par_1_11' title="bbox 57 1841 1117 2152">
     <span class='ocr_line' id='line_1_22' title="bbox 57 1841 1117 1918; baseline -0.004 -20"><span class='ocrx_word' id='word_1_101' title='bbox 57 1861 106 1913; x_wconf 82' lang='lat'>3.</span> <span class='ocrx_word' id='word_1_102' title='bbox 132 1848 272 1901; x_wconf 78' lang='lat' dir='ltr'>Crux</span> <span class='ocrx_word' id='word_1_103' title='bbox 298 1843 436 1918; x_wconf 88' lang='lat' dir='ltr'>super</span> <span class='ocrx_word' id='word_1_104' title='bbox 462 1847 607 1900; x_wconf 80' lang='lat' dir='ltr'>Linea</span> <span class='ocrx_word' id='word_1_105' title='bbox 643 1846 920 1900; x_wconf 76' lang='lat' dir='ltr'>Meridiana</span> <span class='ocrx_word' id='word_1_106' title='bbox 954 1841 1117 1896; x_wconf 88' lang='lat' dir='ltr'>versus</span> 
     </span>
     <span class='ocr_line' id='line_1_23' title="bbox 168 1924 1117 1986; baseline -0.004 -9"><span class='ocrx_word' id='word_1_107' title='bbox 168 1924 399 1978; x_wconf 84' lang='lat' dir='ltr'>Austrum</span> <span class='ocrx_word' id='word_1_108' title='bbox 453 1925 518 1978; x_wconf 89' lang='lat' dir='ltr'>ita</span> <span class='ocrx_word' id='word_1_109' title='bbox 562 1925 817 1978; x_wconf 79' lang='lat' dir='ltr'>inclinetur</span> <span class='ocrx_word' id='word_1_110' title='bbox 840 1963 854 1986; x_wconf 83' lang='lat'>‚</span> <span class='ocrx_word' id='word_1_111' title='bbox 904 1939 957 1975; x_wconf 92' lang='lat' dir='ltr'>ut</span> <span class='ocrx_word' id='word_1_112' title='bbox 1006 1940 1117 1974; x_wconf 87' lang='lat' dir='ltr'>cum</span> 
     </span>
     <span class='ocr_line' id='line_1_24' title="bbox 167 2001 1116 2074; baseline -0.001 -21"><span class='ocrx_word' id='word_1_113' title='bbox 167 2002 444 2056; x_wconf 85' lang='lat' dir='ltr'>Horizonte</span> <span class='ocrx_word' id='word_1_114' title='bbox 481 2001 651 2057; x_wconf 86' lang='lat' dir='ltr'>efficiat</span> <span class='ocrx_word' id='word_1_115' title='bbox 687 2003 922 2074; x_wconf 79' lang='lat' dir='ltr'>angulum</span> <span class='ocrx_word' id='word_1_116' title='bbox 951 2001 1116 2055; x_wconf 89' lang='lat' dir='ltr'>eleva-</span> 
     </span>
     <span class='ocr_line' id='line_1_25' title="bbox 170 2080 871 2152; baseline 0.006 -21"><span class='ocrx_word' id='word_1_117' title='bbox 170 2080 291 2132; x_wconf 88' lang='lat' dir='ltr'>tioni</span> <span class='ocrx_word' id='word_1_118' title='bbox 314 2082 592 2152; x_wconf 85' lang='lat' dir='ltr'>AEquatoris</span> <span class='ocrx_word' id='word_1_119' title='bbox 614 2086 871 2152; x_wconf 85' lang='lat' dir='ltr'>aequalem.</span> 
     </span>
    </p>

    <p class='ocr_par' dir='ltr' id='par_1_12' title="bbox 54 2157 1115 2230">
     <span class='ocr_line' id='line_1_26' title="bbox 54 2157 1115 2230; baseline 0 -21"><span class='ocrx_word' id='word_1_120' title='bbox 54 2158 307 2227; x_wconf 80' lang='lat' dir='ltr'>Quoniam</span> <span class='ocrx_word' id='word_1_121' title='bbox 328 2159 493 2230; x_wconf 83' lang='lat' dir='ltr'>anguli</span> <span class='ocrx_word' id='word_1_122' title='bbox 516 2160 690 2213; x_wconf 86' lang='lat' dir='ltr'>Crucis</span> <span class='ocrx_word' id='word_1_123' title='bbox 711 2157 815 2212; x_wconf 88' lang='lat' dir='ltr'>sunt</span> <span class='ocrx_word' id='word_1_124' title='bbox 840 2157 989 2210; x_wconf 89' lang='lat' dir='ltr'>veluti</span> <span class='ocrx_word' id='word_1_125' title='bbox 1008 2174 1115 2209; x_wconf 83' lang='lat' dir='ltr'>cen-</span> 
     </span>
    </p>

    <p class='ocr_par' dir='ltr' id='par_1_13' title="bbox 51 2236 1116 2309">
     <span class='ocr_line' id='line_1_27' title="bbox 51 2236 1116 2309; baseline -0.003 -19"><span class='ocrx_word' id='word_1_126' title='bbox 51 2253 126 2290; x_wconf 86' lang='lat' dir='ltr'>tra</span> <span class='ocrx_word' id='word_1_127' title='bbox 152 2236 443 2288; x_wconf 86' lang='lat' dir='ltr'>circulorum</span> <span class='ocrx_word' id='word_1_128' title='bbox 470 2238 894 2309; x_wconf 65' lang='lat' dir='ltr'>AEquinoffialium</span> <span class='ocrx_word' id='word_1_129' title='bbox 923 2256 936 2292; x_wconf 78' lang='lat'>3</span> <span class='ocrx_word' id='word_1_130' title='bbox 981 2251 1116 2308; x_wconf 85' lang='lat' dir='ltr'>patet</span> 
     </span>
    </p>

    <p class='ocr_par' dir='ltr' id='par_1_14' title="bbox 48 2315 1114 2466">
     <span class='ocr_line' id='line_1_28' title="bbox 50 2315 1114 2386; baseline -0.001 -19"><span class='ocrx_word' id='word_1_131' title='bbox 50 2316 248 2367; x_wconf 79' lang='lat' dir='ltr'>umbras</span> <span class='ocrx_word' id='word_1_132' title='bbox 279 2316 325 2366; x_wconf 91' lang='lat' dir='ltr'>in</span> <span class='ocrx_word' id='word_1_133' title='bbox 359 2316 571 2368; x_wconf 79' lang='lat' dir='ltr'>Crucem</span> <span class='ocrx_word' id='word_1_134' title='bbox 596 2317 835 2386; x_wconf 66' lang='lat' dir='ltr'>projestas</span> <span class='ocrx_word' id='word_1_135' title='bbox 870 2315 1017 2369; x_wconf 88' lang='lat' dir='ltr'>horas</span> <span class='ocrx_word' id='word_1_136' title='bbox 1040 2316 1114 2367; x_wconf 89' lang='lat' dir='ltr'>in-</span> 
     </span>
     <span class='ocr_line' id='line_1_29' title="bbox 48 2391 704 2466; baseline -0.002 -19"><span class='ocrx_word' id='word_1_137' title='bbox 48 2392 217 2447; x_wconf 80' lang='lat' dir='ltr'>dicare</span> <span class='ocrx_word' id='word_1_138' title='bbox 239 2391 424 2445; x_wconf 89' lang='lat' dir='ltr'>debere</span> <span class='ocrx_word' id='word_1_139' title='bbox 453 2397 474 2459; x_wconf 84' lang='lat'><em>(</em></span> <span class='ocrx_word' id='word_1_140' title='bbox 495 2398 539 2453; x_wconf 90' lang='lat'>§.</span> <span class='ocrx_word' id='word_1_141' title='bbox 570 2408 640 2459; x_wconf 84' lang='lat'>30</span> <span class='ocrx_word' id='word_1_142' title='bbox 667 2401 704 2466; x_wconf 88' lang='lat'>).</span> 
     </span>
    </p>
   </div>
   <div class='ocr_carea' id='block_1_8' title="bbox 365 2491 804 2548">
    <p class='ocr_par' dir='ltr' id='par_1_15' title="bbox 365 2491 804 2548">
     <span class='ocr_line' id='line_1_30' title="bbox 365 2491 804 2548; baseline 0.005 -3"><span class='ocrx_word' id='word_1_143' title='bbox 365 2491 804 2548; x_wconf 73' lang='lat' dir='ltr'>ScHoLtoN.</span> 
     </span>
    </p>
   </div>
   <div class='ocr_carea' id='block_1_9' title="bbox 43 2581 1116 2830">
    <p class='ocr_par' dir='ltr' id='par_1_16' title="bbox 43 2581 1116 2829">
     <span class='ocr_line' id='line_1_31' title="bbox 124 2581 1116 2646; baseline -0.001 -19"><span class='ocrx_word' id='word_1_144' title='bbox 124 2586 230 2639; x_wconf 88' lang='lat'><strong>164.</strong></span> <span class='ocrx_word' id='word_1_145' title='bbox 264 2586 418 2628; x_wconf 81' lang='lat' dir='ltr'>Cruces</span> <span class='ocrx_word' id='word_1_146' title='bbox 457 2583 712 2629; x_wconf 81' lang='lat' dir='ltr'>Gnomonicae</span> <span class='ocrx_word' id='word_1_147' title='bbox 744 2581 974 2646; x_wconf 79' lang='lat' dir='ltr'>portatiles</span> <span class='ocrx_word' id='word_1_148' title='bbox 1021 2597 1116 2626; x_wconf 82' lang='lat' dir='ltr'>con-</span> 
     </span>
     <span class='ocr_line' id='line_1_32' title="bbox 43 2647 1114 2711; baseline -0.006 -13"><span class='ocrx_word' id='word_1_149' title='bbox 43 2649 158 2705; x_wconf 66' lang='lat' dir='ltr'>strui</span> <span class='ocrx_word' id='word_1_150' title='bbox 169 2647 304 2706; x_wconf 83' lang='lat' dir='ltr'>solent</span> <span class='ocrx_word' id='word_1_151' title='bbox 331 2649 385 2694; x_wconf 48' lang='grc' dir='ltr'>(θ’</span> <span class='ocrx_word' id='word_1_152' title='bbox 402 2660 476 2708; x_wconf 80' lang='lat' dir='ltr'>ope</span> <span class='ocrx_word' id='word_1_153' title='bbox 495 2652 673 2711; x_wconf 68' lang='lat' dir='ltr'>Pyxidis</span> <span class='ocrx_word' id='word_1_154' title='bbox 692 2653 929 2711; x_wconf 76' lang='lat' dir='ltr'>magneticae</span> <span class='ocrx_word' id='word_1_155' title='bbox 951 2650 1005 2693; x_wconf 81' lang='lat' dir='ltr'>ad</span> <span class='ocrx_word' id='word_1_156' title='bbox 1022 2648 1114 2709; x_wconf 78' lang='lat' dir='ltr'>pla—</span> 
     </span>
     <span class='ocr_line' id='line_1_33' title="bbox 46 2716 1116 2782; baseline 0 -22"><span class='ocrx_word' id='word_1_157' title='bbox 46 2732 126 2777; x_wconf 81' lang='lat' dir='ltr'>gas</span> <span class='ocrx_word' id='word_1_158' title='bbox 151 2716 297 2761; x_wconf 79' lang='lat' dir='ltr'>mundi</span> <span class='ocrx_word' id='word_1_159' title='bbox 315 2716 558 2774; x_wconf 78' lang='lat' dir='ltr'>diriguntur</span> <span class='ocrx_word' id='word_1_160' title='bbox 576 2747 590 2769; x_wconf 93' lang='lat'>,</span> <span class='ocrx_word' id='word_1_161' title='bbox 619 2731 688 2777; x_wconf 83' lang='lat' dir='ltr'>ope</span> <span class='ocrx_word' id='word_1_162' title='bbox 707 2734 810 2765; x_wconf 84' lang='lat' dir='ltr'>vero</span> <span class='ocrx_word' id='word_1_163' title='bbox 836 2718 1116 2782; x_wconf 69' lang='lat' dir='ltr'>Qadrantis</span> 
     </span>
     <span class='ocr_line' id='line_1_34' title="bbox 48 2781 456 2830; baseline -0.01 -1"><span class='ocrx_word' id='word_1_164' title='bbox 48 2781 191 2829; x_wconf 76' lang='lat' dir='ltr'>debite</span> <span class='ocrx_word' id='word_1_165' title='bbox 216 2781 456 2830; x_wconf 78' lang='lat' dir='ltr'>elevantur.</span> 
     </span>
    </p>
   </div>
   <div class='ocr_carea' id='block_1_10' title="bbox 54 2852 1114 3163">
    <p class='ocr_par' dir='ltr' id='par_1_17' title="bbox 54 2852 1114 3163">
     <span class='ocr_line' id='line_1_35' title="bbox 210 2852 948 2928; baseline 0.003 -4"><span class='ocrx_word' id='word_1_166' title='bbox 210 2852 628 2927; x_wconf 66' lang='lat' dir='ltr'>Paosstnim</span> <span class='ocrx_word' id='word_1_167' title='bbox 668 2876 767 2928; x_wconf 87' lang='grc' dir='ltr'>ΧΙ</span> <span class='ocrx_word' id='word_1_168' title='bbox 779 2875 948 2928; x_wconf 88' lang='lat' dir='ltr'><strong>VIII.</strong></span> 
     </span>
     <span class='ocr_line' id='line_1_36' title="bbox 139 2947 1114 3020; baseline -0.002 -16"><span class='ocrx_word' id='word_1_169' title='bbox 139 2959 260 3016; x_wconf 85' lang='lat'><strong>165.</strong></span> <span class='ocrx_word' id='word_1_170' title='bbox 303 2947 523 3004; x_wconf 73' lang='lat' dir='ltr'>Annales</span> <span class='ocrx_word' id='word_1_171' title='bbox 579 2951 763 3008; x_wconf 81' lang='lat' dir='ltr'>Solares</span> <span class='ocrx_word' id='word_1_172' title='bbox 818 2949 1114 3020; x_wconf 69' lang='lat' dir='ltr'>umverſszles</span> 
     </span>
     <span class='ocr_line' id='line_1_37' title="bbox 54 3031 330 3097; baseline -0.004 -17"><span class='ocrx_word' id='word_1_173' title='bbox 54 3031 330 3097; x_wconf 78' lang='lat' dir='ltr'>construere.</span> 
     </span>
     <span class='ocr_line' id='line_1_38' title="bbox 327 3106 847 3163; baseline 0.012 -6"><span class='ocrx_word' id='word_1_174' title='bbox 327 3106 368 3158; x_wconf 93' lang='lat' dir='ltr'>R</span> <span class='ocrx_word' id='word_1_175' title='bbox 401 3120 426 3157; x_wconf 80' lang='lat' dir='ltr'>E</span> <span class='ocrx_word' id='word_1_176' title='bbox 459 3123 480 3158; x_wconf 90' lang='lat' dir='ltr'>s</span> <span class='ocrx_word' id='word_1_177' title='bbox 514 3126 545 3159; x_wconf 93' lang='lat' dir='ltr'>o</span> <span class='ocrx_word' id='word_1_178' title='bbox 574 3120 604 3158; x_wconf 84' lang='lat' dir='ltr'>L</span> <span class='ocrx_word' id='word_1_179' title='bbox 633 3123 667 3159; x_wconf 80' lang='lat' dir='ltr'>u</span> <span class='ocrx_word' id='word_1_180' title='bbox 698 3123 731 3159; x_wconf 83' lang='lat' dir='ltr'>T</span> <span class='ocrx_word' id='word_1_181' title='bbox 758 3127 774 3162; x_wconf 89' lang='lat'>1</span> <span class='ocrx_word' id='word_1_182' title='bbox 799 3128 847 3163; x_wconf 89' lang='lat' dir='ltr'>o.</span> 
     </span>
    </p>
   </div>
   <div class='ocr_carea' id='block_1_11' title="bbox 65 3183 1116 3247">
    <p class='ocr_par' dir='ltr' id='par_1_18' title="bbox 65 3183 1116 3247">
     <span class='ocr_line' id='line_1_39' title="bbox 65 3183 1116 3247; baseline 0.001 -7"><span class='ocrx_word' id='word_1_183' title='bbox 65 3197 108 3240; x_wconf 84' lang='lat'>1.</span> <span class='ocrx_word' id='word_1_184' title='bbox 134 3185 216 3239; x_wconf 68' lang='lat' dir='ltr'>Ex&#39;</span> <span class='ocrx_word' id='word_1_185' title='bbox 242 3183 420 3240; x_wconf 84' lang='lat' dir='ltr'>lamina</span> <span class='ocrx_word' id='word_1_186' title='bbox 457 3185 728 3247; x_wconf 76' lang='lat' dir='ltr'>orichalcea</span> <span class='ocrx_word' id='word_1_187' title='bbox 773 3187 856 3244; x_wconf 83' lang='lat' dir='ltr'>fiat</span> <span class='ocrx_word' id='word_1_188' title='bbox 886 3187 1116 3245; x_wconf 88' lang='lat' dir='ltr'>Annulus</span> 
     </span>
    </p>
   </div>
   <div class='ocr_carea' id='block_1_12' title="bbox 1230 241 2492 2375">
    <p class='ocr_par' dir='ltr' id='par_1_19' title="bbox 1349 241 2311 632">
     <span class='ocr_line' id='line_1_40' title="bbox 1357 241 2310 329; baseline -0.003 -7"><span class='ocrx_word' id='word_1_189' title='bbox 1357 266 1583 322; x_wconf 81' lang='lat' dir='ltr'>diametri</span> <span class='ocrx_word' id='word_1_190' title='bbox 1612 266 1871 320; x_wconf 74' lang='lat' dir='ltr'>arbitrariae</span> <span class='ocrx_word' id='word_1_191' title='bbox 1890 241 2070 329; x_wconf 64' lang='lat' dir='ltr'>,Olatitu</span> <span class='ocrx_word' id='word_1_192' title='bbox 2081 265 2208 320; x_wconf 88' lang='lat' dir='ltr'>dinis</span> <span class='ocrx_word' id='word_1_193' title='bbox 2230 284 2310 319; x_wconf 84' lang='lat' dir='ltr'>ve-</span> 
     </span>
     <span class='ocr_line' id='line_1_41' title="bbox 1356 343 2311 399; baseline -0.002 0"><span class='ocrx_word' id='word_1_194' title='bbox 1356 365 1415 399; x_wconf 89' lang='lat' dir='ltr'>ro</span> <span class='ocrx_word' id='word_1_195' title='bbox 1439 361 1583 398; x_wconf 79' lang='lat' dir='ltr'>tantae</span> <span class='ocrx_word' id='word_1_196' title='bbox 1605 382 1619 399; x_wconf 95' lang='lat'><em>‚</em></span> <span class='ocrx_word' id='word_1_197' title='bbox 1668 361 1721 396; x_wconf 89' lang='lat' dir='ltr'>ut</span> <span class='ocrx_word' id='word_1_198' title='bbox 1762 344 1936 396; x_wconf 84' lang='lat' dir='ltr'>diebus</span> <span class='ocrx_word' id='word_1_199' title='bbox 1968 343 2311 397; x_wconf 86' lang='lat' dir='ltr'>Solstitialibus</span> 
     </span>
     <span class='ocr_line' id='line_1_42' title="bbox 1356 420 2309 493; baseline -0.001 -17"><span class='ocrx_word' id='word_1_200' title='bbox 1356 425 1522 477; x_wconf 84' lang='lat' dir='ltr'>radius</span> <span class='ocrx_word' id='word_1_201' title='bbox 1569 422 1697 476; x_wconf 86' lang='lat' dir='ltr'>Solis</span> <span class='ocrx_word' id='word_1_202' title='bbox 1746 440 1830 493; x_wconf 82' lang='lat' dir='ltr'>per</span> <span class='ocrx_word' id='word_1_203' title='bbox 1877 420 2219 475; x_wconf 82' lang='lat' dir='ltr'>foraminulum</span> <span class='ocrx_word' id='word_1_204' title='bbox 2259 424 2309 476; x_wconf 91' lang='lat' dir='ltr'>in</span> 
     </span>
     <span class='ocr_line' id='line_1_43' title="bbox 1354 497 2307 571; baseline 0.001 -18"><span class='ocrx_word' id='word_1_205' title='bbox 1354 500 1526 554; x_wconf 83' lang='lat' dir='ltr'>medio</span> <span class='ocrx_word' id='word_1_206' title='bbox 1576 499 1759 553; x_wconf 62' lang='lat' dir='ltr'>fastum</span> <span class='ocrx_word' id='word_1_207' title='bbox 1819 500 1830 552; x_wconf 91' lang='lat' dir='ltr'>i</span> <span class='ocrx_word' id='word_1_208' title='bbox 1836 497 2008 571; x_wconf 79' lang='lat' dir='ltr'>Hapsus</span> <span class='ocrx_word' id='word_1_209' title='bbox 2051 499 2307 554; x_wconf 84' lang='lat' dir='ltr'>Annulum</span> 
     </span>
     <span class='ocr_line' id='line_1_44' title="bbox 1349 578 1779 649; baseline -0.01 -17"><span class='ocrx_word' id='word_1_210' title='bbox 1349 598 1449 632; x_wconf 87' lang='lat' dir='ltr'>non</span> <span class='ocrx_word' id='word_1_211' title='bbox 1482 578 1779 649; x_wconf 78' lang='lat' dir='ltr'>egrediatur.</span> 
     </span>
    </p>

    <p class='ocr_par' dir='ltr' id='par_1_20' title="bbox 1239 647 2492 1021">
     <span class='ocr_line' id='line_1_45' title="bbox 1239 647 2456 717; baseline -0.004 -5"><span class='ocrx_word' id='word_1_212' title='bbox 1239 672 1286 717; x_wconf 88' lang='lat'><strong>2</strong></span> <span class='ocrx_word' id='word_1_213' title='bbox 1316 659 1382 712; x_wconf 72' lang='lat' dir='ltr'>Di</span> <span class='ocrx_word' id='word_1_214' title='bbox 1387 677 1462 710; x_wconf 79' lang='lat' dir='ltr'>am</span> <span class='ocrx_word' id='word_1_215' title='bbox 1469 674 1578 709; x_wconf 89' lang='lat' dir='ltr'>etro</span> <span class='ocrx_word' id='word_1_216' title='bbox 1623 654 1809 708; x_wconf 87' lang='lat' dir='ltr'>Annuli</span> <span class='ocrx_word' id='word_1_217' title='bbox 1868 655 1955 706; x_wconf 82' lang='lat' dir='ltr'>AB</span> <span class='ocrx_word' id='word_1_218' title='bbox 2007 654 2302 710; x_wconf 84' lang='lat' dir='ltr'>describatur</span> <span class='ocrx_word' id='word_1_219' title='bbox 2346 647 2456 697; x_wconf 64' lang='lat' dir='ltr'>Tab-</span> 
     </span>
     <span class='ocr_line' id='line_1_46' title="bbox 1353 717 2443 827; baseline 0 -39"><span class='ocrx_word' id='word_1_220' title='bbox 1353 736 1590 797; x_wconf 88' lang='lat' dir='ltr'>circulus,</span> <span class='ocrx_word' id='word_1_221' title='bbox 1620 740 1709 805; x_wconf 81' lang='lat' dir='ltr'>pe‘r</span> <span class='ocrx_word' id='word_1_222' title='bbox 1741 732 1906 784; x_wconf 85' lang='lat' dir='ltr'>locum</span> <span class='ocrx_word' id='word_1_223' title='bbox 1947 730 2223 786; x_wconf 83' lang='lat' dir='ltr'>foraminuli</span> <span class='ocrx_word' id='word_1_224' title='bbox 2257 735 2358 827; x_wconf 73' lang='lat' dir='ltr'>AF</span> <span class='ocrx_word' id='word_1_225' title='bbox 2356 717 2443 763; x_wconf 65' lang='lat' dir='ltr'>IV·</span> 
     </span>
     <span class='ocr_line' id='line_1_47' title="bbox 1355 783 2492 883; baseline -0.004 -16"><span class='ocrx_word' id='word_1_226' title='bbox 1355 814 1564 867; x_wconf 82' lang='lat' dir='ltr'>ducatur</span> <span class='ocrx_word' id='word_1_227' title='bbox 1591 816 1819 883; x_wconf 81' lang='lat' dir='ltr'>Tangens</span> <span class='ocrx_word' id='word_1_228' title='bbox 1853 811 1983 871; x_wconf 73' lang='grc' dir='ltr'>(ΣΙ),</span> <span class='ocrx_word' id='word_1_229' title='bbox 2015 815 2065 864; x_wconf 84' lang='lat'>&amp;</span> <span class='ocrx_word' id='word_1_230' title='bbox 2107 830 2167 863; x_wconf 81' lang='lat' dir='ltr'>ex</span> <span class='ocrx_word' id='word_1_231' title='bbox 2193 830 2304 863; x_wconf 88' lang='lat' dir='ltr'>cen-</span> <span class='ocrx_word' id='word_1_232' title='bbox 2316 783 2409 842; x_wconf 70' lang='lat' dir='ltr'>Fg’</span> <span class='ocrx_word' id='word_1_233' title='bbox 2419 793 2492 841; x_wconf 76' lang='lat'>33⁸</span> 
     </span>
     <span class='ocr_line' id='line_1_48' title="bbox 1353 888 2303 959; baseline 0 -15"><span class='ocrx_word' id='word_1_234' title='bbox 1353 908 1433 944; x_wconf 90' lang='lat' dir='ltr'>tro</span> <span class='ocrx_word' id='word_1_235' title='bbox 1460 893 1507 945; x_wconf 91' lang='lat' dir='ltr'>A</span> <span class='ocrx_word' id='word_1_236' title='bbox 1535 888 1865 942; x_wconf 84' lang='lat' dir='ltr'>semicirculus</span> <span class='ocrx_word' id='word_1_237' title='bbox 1898 889 2044 941; x_wconf 77' lang='lat' dir='ltr'>CED</span> <span class='ocrx_word' id='word_1_238' title='bbox 2075 906 2158 959; x_wconf 86' lang='lat' dir='ltr'>per</span> <span class='ocrx_word' id='word_1_239' title='bbox 2191 907 2303 944; x_wconf 89' lang='lat' dir='ltr'>cen-</span> 
     </span>
     <span class='ocr_line' id='line_1_49' title="bbox 1351 964 2083 1021; baseline -0.005 0"><span class='ocrx_word' id='word_1_240' title='bbox 1351 986 1480 1021; x_wconf 85' lang='lat' dir='ltr'>trum</span> <span class='ocrx_word' id='word_1_241' title='bbox 1525 969 1711 1021; x_wconf 89' lang='lat' dir='ltr'>Annuli</span> <span class='ocrx_word' id='word_1_242' title='bbox 1761 971 1800 1020; x_wconf 79' lang='lat' dir='ltr'><strong>E</strong></span> <span class='ocrx_word' id='word_1_243' title='bbox 1836 964 2083 1019; x_wconf 71' lang='lat' dir='ltr'>transiens.</span> 
     </span>
    </p>

    <p class='ocr_par' dir='ltr' id='par_1_21' title="bbox 1238 1044 2308 1508">
     <span class='ocr_line' id='line_1_50' title="bbox 1238 1044 2301 1116; baseline 0 -16"><span class='ocrx_word' id='word_1_244' title='bbox 1238 1063 1288 1116; x_wconf 89' lang='lat'>3.</span> <span class='ocrx_word' id='word_1_245' title='bbox 1325 1048 1594 1100; x_wconf 84' lang='lat' dir='ltr'>Dividatur</span> <span class='ocrx_word' id='word_1_246' title='bbox 1634 1044 1959 1098; x_wconf 83' lang='lat' dir='ltr'>semicirculus</span> <span class='ocrx_word' id='word_1_247' title='bbox 2012 1045 2094 1096; x_wconf 77' lang='lat' dir='ltr'>isle</span> <span class='ocrx_word' id='word_1_248' title='bbox 2140 1044 2185 1097; x_wconf 91' lang='lat' dir='ltr'>in</span> <span class='ocrx_word' id='word_1_249' title='bbox 2240 1058 2301 1104; x_wconf 78' lang='lat'>12</span> 
     </span>
     <span class='ocr_line' id='line_1_51' title="bbox 1351 1121 2308 1197; baseline -0.002 -21"><span class='ocrx_word' id='word_1_250' title='bbox 1351 1143 1508 1197; x_wconf 87' lang='lat' dir='ltr'>partes</span> <span class='ocrx_word' id='word_1_251' title='bbox 1533 1124 1746 1195; x_wconf 80' lang='lat' dir='ltr'>aequales</span> <span class='ocrx_word' id='word_1_252' title='bbox 1764 1162 1778 1185; x_wconf 84' lang='grc'>,</span> <span class='ocrx_word' id='word_1_253' title='bbox 1807 1126 1856 1175; x_wconf 71' lang='grc' dir='ltr'>δε</span> <span class='ocrx_word' id='word_1_254' title='bbox 1888 1141 1948 1174; x_wconf 83' lang='lat' dir='ltr'>ex</span> <span class='ocrx_word' id='word_1_255' title='bbox 1974 1139 2144 1173; x_wconf 85' lang='lat' dir='ltr'>centro</span> <span class='ocrx_word' id='word_1_256' title='bbox 2171 1124 2215 1176; x_wconf 85' lang='lat' dir='ltr'><strong>A</strong></span> <span class='ocrx_word' id='word_1_257' title='bbox 2243 1121 2308 1176; x_wconf 86' lang='lat' dir='ltr'>ad</span> 
     </span>
     <span class='ocr_line' id='line_1_52' title="bbox 1352 1197 2307 1275; baseline -0.003 -19"><span class='ocrx_word' id='word_1_258' title='bbox 1352 1204 1538 1275; x_wconf 70' lang='lat' dir='ltr'>lingula</span> <span class='ocrx_word' id='word_1_259' title='bbox 1576 1201 1868 1255; x_wconf 72' lang='lat' dir='ltr'>divisionum</span> <span class='ocrx_word' id='word_1_260' title='bbox 1912 1203 2090 1272; x_wconf 57' lang='lat' dir='ltr'>puncta</span> <span class='ocrx_word' id='word_1_261' title='bbox 2129 1197 2307 1253; x_wconf 88' lang='lat' dir='ltr'>ducan-</span> 
     </span>
     <span class='ocr_line' id='line_1_53' title="bbox 1347 1280 2307 1358; baseline -0.003 -24"><span class='ocrx_word' id='word_1_262' title='bbox 1347 1298 1425 1334; x_wconf 88' lang='lat' dir='ltr'>tur</span> <span class='ocrx_word' id='word_1_263' title='bbox 1452 1283 1623 1342; x_wconf 58' lang='grc' dir='ltr'>τείως,</span> <span class='ocrx_word' id='word_1_264' title='bbox 1654 1298 1763 1352; x_wconf 81' lang='lat' dir='ltr'>qua:</span> <span class='ocrx_word' id='word_1_265' title='bbox 1782 1280 1906 1332; x_wconf 85' lang='lat' dir='ltr'>intra</span> <span class='ocrx_word' id='word_1_266' title='bbox 1926 1281 2190 1358; x_wconf 69' lang='lat' dir='ltr'>davitatcm</span> <span class='ocrx_word' id='word_1_267' title='bbox 2209 1281 2307 1331; x_wconf 87' lang='lat' dir='ltr'>An-</span> 
     </span>
     <span class='ocr_line' id='line_1_54' title="bbox 1352 1358 2304 1431; baseline -0.002 -20"><span class='ocrx_word' id='word_1_268' title='bbox 1352 1360 1451 1412; x_wconf 90' lang='lat' dir='ltr'>nuli</span> <span class='ocrx_word' id='word_1_269' title='bbox 1479 1361 1657 1431; x_wconf 63' lang='lat' dir='ltr'>puncta</span> <span class='ocrx_word' id='word_1_270' title='bbox 1696 1358 1890 1411; x_wconf 85' lang='lat' dir='ltr'>horaria</span> <span class='ocrx_word' id='word_1_271' title='bbox 1922 1359 1967 1424; x_wconf 82' lang='grc' dir='ltr'>ς’.</span> <span class='ocrx_word' id='word_1_272' title='bbox 1990 1371 2044 1418; x_wconf 86' lang='lat'>4.</span> <span class='ocrx_word' id='word_1_273' title='bbox 2064 1371 2112 1422; x_wconf 90' lang='lat'>3.</span> <span class='ocrx_word' id='word_1_274' title='bbox 2135 1368 2186 1413; x_wconf 86' lang='lat'>2.</span> <span class='ocrx_word' id='word_1_275' title='bbox 2212 1360 2304 1411; x_wconf 58' lang='lat' dir='ltr'>&amp;a</span> 
     </span>
     <span class='ocr_line' id='line_1_55' title="bbox 1351 1438 1697 1508; baseline 0.003 -20"><span class='ocrx_word' id='word_1_276' title='bbox 1351 1438 1697 1508; x_wconf 58' lang='lat' dir='ltr'>defignabunn</span> 
     </span>
    </p>

    <p class='ocr_par' dir='ltr' id='par_1_22' title="bbox 1260 1511 2310 1586">
     <span class='ocr_line' id='line_1_56' title="bbox 1260 1511 2310 1586; baseline -0.002 -19"><span class='ocrx_word' id='word_1_277' title='bbox 1260 1513 1456 1586; x_wconf 82' lang='lat' dir='ltr'>Qodli</span> <span class='ocrx_word' id='word_1_278' title='bbox 1486 1516 1715 1568; x_wconf 86' lang='lat' dir='ltr'>Annulus</span> <span class='ocrx_word' id='word_1_279' title='bbox 1741 1511 1883 1585; x_wconf 83' lang='lat' dir='ltr'>super</span> <span class='ocrx_word' id='word_1_280' title='bbox 1907 1515 2055 1569; x_wconf 90' lang='lat' dir='ltr'>Linea</span> <span class='ocrx_word' id='word_1_281' title='bbox 2080 1511 2310 1566; x_wconf 84' lang='lat' dir='ltr'>Meridia-</span> 
     </span>
    </p>

    <p class='ocr_par' dir='ltr' id='par_1_23' title="bbox 1232 1592 2308 1655">
     <span class='ocr_line' id='line_1_57' title="bbox 1232 1592 2308 1655; baseline -0.003 -8"><span class='ocrx_word' id='word_1_282' title='bbox 1232 1613 1295 1647; x_wconf 88' lang='lat' dir='ltr'>na</span> <span class='ocrx_word' id='word_1_283' title='bbox 1320 1596 1386 1646; x_wconf 81' lang='lat' dir='ltr'>ita</span> <span class='ocrx_word' id='word_1_284' title='bbox 1413 1594 1665 1655; x_wconf 80' lang='lat' dir='ltr'>elevetur,</span> <span class='ocrx_word' id='word_1_285' title='bbox 1688 1608 1740 1645; x_wconf 89' lang='lat' dir='ltr'>ut</span> <span class='ocrx_word' id='word_1_286' title='bbox 1767 1594 2013 1646; x_wconf 85' lang='lat' dir='ltr'>diametro</span> <span class='ocrx_word' id='word_1_287' title='bbox 2041 1592 2128 1645; x_wconf 80' lang='grc' dir='ltr'>ΑΒ</span> <span class='ocrx_word' id='word_1_288' title='bbox 2152 1592 2308 1644; x_wconf 84' lang='lat' dir='ltr'>eidem</span> 
     </span>
    </p>

    <p class='ocr_par' dir='ltr' id='par_1_24' title="bbox 1232 1668 2310 1734">
     <span class='ocr_line' id='line_1_58' title="bbox 1232 1668 2310 1734; baseline -0.006 -7"><span class='ocrx_word' id='word_1_289' title='bbox 1232 1673 1411 1727; x_wconf 72' lang='lat' dir='ltr'>insistat</span> <span class='ocrx_word' id='word_1_290' title='bbox 1430 1711 1443 1734; x_wconf 85' lang='lat'>‚</span> <span class='ocrx_word' id='word_1_291' title='bbox 1470 1672 1818 1725; x_wconf 89' lang='lat' dir='ltr'>foraminulum</span> <span class='ocrx_word' id='word_1_292' title='bbox 1845 1691 1967 1725; x_wconf 87' lang='lat' dir='ltr'>vero</span> <span class='ocrx_word' id='word_1_293' title='bbox 1985 1672 2031 1723; x_wconf 83' lang='lat' dir='ltr'>A</span> <span class='ocrx_word' id='word_1_294' title='bbox 2054 1668 2106 1722; x_wconf 79' lang='lat' dir='ltr'>sit</span> <span class='ocrx_word' id='word_1_295' title='bbox 2131 1670 2175 1721; x_wconf 84' lang='lat' dir='ltr'>in</span> <span class='ocrx_word' id='word_1_296' title='bbox 2199 1672 2310 1722; x_wconf 80' lang='lat' dir='ltr'>Axe</span> 
     </span>
    </p>

    <p class='ocr_par' dir='ltr' id='par_1_25' title="bbox 1231 1746 2309 1978">
     <span class='ocr_line' id='line_1_59' title="bbox 1233 1746 2309 1820; baseline -0.005 -15"><span class='ocrx_word' id='word_1_297' title='bbox 1233 1753 1517 1812; x_wconf 83' lang='lat' dir='ltr'>mundan0‚</span> <span class='ocrx_word' id='word_1_298' title='bbox 1549 1752 1646 1803; x_wconf 91' lang='lat' dir='ltr'>hoc</span> <span class='ocrx_word' id='word_1_299' title='bbox 1678 1752 1779 1812; x_wconf 77' lang='lat' dir='ltr'>est,</span> <span class='ocrx_word' id='word_1_300' title='bbox 1807 1747 1893 1803; x_wconf 89' lang='lat' dir='ltr'>sub</span> <span class='ocrx_word' id='word_1_301' title='bbox 1925 1749 2111 1820; x_wconf 80' lang='lat' dir='ltr'>angulo</span> <span class='ocrx_word' id='word_1_302' title='bbox 2149 1746 2309 1801; x_wconf 88' lang='lat' dir='ltr'>eleva-</span> 
     </span>
     <span class='ocr_line' id='line_1_60' title="bbox 1231 1825 2307 1902; baseline -0.004 -19"><span class='ocrx_word' id='word_1_303' title='bbox 1231 1830 1378 1883; x_wconf 87' lang='lat' dir='ltr'>tionis</span> <span class='ocrx_word' id='word_1_304' title='bbox 1435 1829 1721 1902; x_wconf 78' lang='lat' dir='ltr'>AEquatoris</span> <span class='ocrx_word' id='word_1_305' title='bbox 1775 1825 1913 1900; x_wconf 86' lang='lat' dir='ltr'>supra</span> <span class='ocrx_word' id='word_1_306' title='bbox 1976 1827 2307 1879; x_wconf 83' lang='lat' dir='ltr'>Horizontem</span> 
     </span>
     <span class='ocr_line' id='line_1_61' title="bbox 1231 1903 2308 1978; baseline -0.004 -16"><span class='ocrx_word' id='word_1_307' title='bbox 1231 1909 1512 1971; x_wconf 77' lang='lat' dir='ltr'>elevatum,</span> <span class='ocrx_word' id='word_1_308' title='bbox 1540 1907 1703 1960; x_wconf 87' lang='lat' dir='ltr'>radius</span> <span class='ocrx_word' id='word_1_309' title='bbox 1730 1906 1862 1960; x_wconf 86' lang='lat' dir='ltr'>Solis</span> <span class='ocrx_word' id='word_1_310' title='bbox 1879 1926 1968 1978; x_wconf 87' lang='lat' dir='ltr'>per</span> <span class='ocrx_word' id='word_1_311' title='bbox 1993 1903 2144 1976; x_wconf 80' lang='lat' dir='ltr'>ipsum</span> <span class='ocrx_word' id='word_1_312' title='bbox 2173 1905 2308 1977; x_wconf 82' lang='lat' dir='ltr'>illap-</span> 
     </span>
    </p>

    <p class='ocr_par' dir='ltr' id='par_1_26' title="bbox 1232 1982 2308 2058">
     <span class='ocr_line' id='line_1_62' title="bbox 1232 1982 2308 2058; baseline -0.004 -18"><span class='ocrx_word' id='word_1_313' title='bbox 1232 1985 1304 2040; x_wconf 88' lang='lat' dir='ltr'>sus</span> <span class='ocrx_word' id='word_1_314' title='bbox 1331 1987 1476 2040; x_wconf 84' lang='lat' dir='ltr'>horas</span> <span class='ocrx_word' id='word_1_315' title='bbox 1503 1986 1773 2040; x_wconf 85' lang='lat' dir='ltr'>indicabit:</span> <span class='ocrx_word' id='word_1_316' title='bbox 1819 1985 1868 2038; x_wconf 91' lang='lat' dir='ltr'>id</span> <span class='ocrx_word' id='word_1_317' title='bbox 1895 1983 2035 2058; x_wconf 87' lang='lat' dir='ltr'>quod</span> <span class='ocrx_word' id='word_1_318' title='bbox 2062 1982 2204 2036; x_wconf 89' lang='lat' dir='ltr'>facile</span> <span class='ocrx_word' id='word_1_319' title='bbox 2230 2001 2308 2053; x_wconf 86' lang='lat' dir='ltr'>pa-</span> 
     </span>
    </p>

    <p class='ocr_par' dir='ltr' id='par_1_27' title="bbox 1230 2062 2306 2134">
     <span class='ocr_line' id='line_1_63' title="bbox 1230 2062 2306 2134; baseline -0.004 -16"><span class='ocrx_word' id='word_1_320' title='bbox 1230 2067 1357 2119; x_wconf 89' lang='lat' dir='ltr'>tebit</span> <span class='ocrx_word' id='word_1_321' title='bbox 1382 2103 1395 2127; x_wconf 85' lang='lat'>‚</span> <span class='ocrx_word' id='word_1_322' title='bbox 1436 2065 1593 2119; x_wconf 84' lang='lat' dir='ltr'>modo</span> <span class='ocrx_word' id='word_1_323' title='bbox 1632 2068 1906 2134; x_wconf 80' lang='lat' dir='ltr'>cogitemus</span> <span class='ocrx_word' id='word_1_324' title='bbox 1933 2103 1949 2127; x_wconf 83' lang='grc'>,</span> <span class='ocrx_word' id='word_1_325' title='bbox 1997 2062 2164 2115; x_wconf 87' lang='lat' dir='ltr'>Solem</span> <span class='ocrx_word' id='word_1_326' title='bbox 2203 2063 2306 2114; x_wconf 84' lang='lat' dir='ltr'>die-</span> 
     </span>
    </p>

    <p class='ocr_par' dir='ltr' id='par_1_28' title="bbox 1231 2139 2305 2375">
     <span class='ocr_line' id='line_1_64' title="bbox 1232 2139 2305 2216; baseline -0.005 -20"><span class='ocrx_word' id='word_1_327' title='bbox 1232 2146 1326 2197; x_wconf 92' lang='lat' dir='ltr'>bus</span> <span class='ocrx_word' id='word_1_328' title='bbox 1364 2143 1814 2216; x_wconf 66' lang='lat' dir='ltr'>AEquinoCtialibus</span> <span class='ocrx_word' id='word_1_329' title='bbox 1854 2140 2133 2196; x_wconf 86' lang='lat' dir='ltr'>describere</span> <span class='ocrx_word' id='word_1_330' title='bbox 2179 2139 2305 2211; x_wconf 89' lang='lat' dir='ltr'>peri-</span> 
     </span>
     <span class='ocr_line' id='line_1_65' title="bbox 1231 2217 2305 2296; baseline -0.005 -22"><span class='ocrx_word' id='word_1_331' title='bbox 1231 2222 1452 2296; x_wconf 83' lang='lat' dir='ltr'>pheriam</span> <span class='ocrx_word' id='word_1_332' title='bbox 1480 2239 1701 2275; x_wconf 86' lang='lat' dir='ltr'>centrum</span> <span class='ocrx_word' id='word_1_333' title='bbox 1722 2221 1768 2273; x_wconf 90' lang='lat' dir='ltr'>in</span> <span class='ocrx_word' id='word_1_334' title='bbox 1795 2223 1844 2276; x_wconf 91' lang='lat' dir='ltr'>A</span> <span class='ocrx_word' id='word_1_335' title='bbox 1871 2223 2135 2274; x_wconf 84' lang='lat' dir='ltr'>habentem</span> <span class='ocrx_word' id='word_1_336' title='bbox 2155 2257 2170 2281; x_wconf 84' lang='lat'>‚</span> <span class='ocrx_word' id='word_1_337' title='bbox 2198 2217 2305 2271; x_wconf 88' lang='lat' dir='ltr'>reli-</span> 
     </span>
     <span class='ocr_line' id='line_1_66' title="bbox 1232 2297 2304 2375; baseline -0.004 -22"><span class='ocrx_word' id='word_1_338' title='bbox 1232 2318 1337 2373; x_wconf 91' lang='lat' dir='ltr'>quo</span> <span class='ocrx_word' id='word_1_339' title='bbox 1364 2318 1530 2355; x_wconf 88' lang='lat' dir='ltr'>autem</span> <span class='ocrx_word' id='word_1_340' title='bbox 1553 2317 1780 2372; x_wconf 88' lang='lat' dir='ltr'>tempore</span> <span class='ocrx_word' id='word_1_341' title='bbox 1805 2297 2102 2375; x_wconf 88' lang='lat' dir='ltr'>peripherias</span> <span class='ocrx_word' id='word_1_342' title='bbox 2125 2297 2200 2352; x_wconf 81' lang='lat' dir='ltr'>isti</span> <span class='ocrx_word' id='word_1_343' title='bbox 2224 2313 2304 2368; x_wconf 84' lang='lat' dir='ltr'>pa-</span> 
     </span>
    </p>
   </div>
   <div class='ocr_carea' id='block_1_13' title="bbox 1233 2380 1860 2511">
    <p class='ocr_par' dir='ltr' id='par_1_29' title="bbox 1233 2380 1844 2511">
     <span class='ocr_line' id='line_1_67' title="bbox 1233 2380 1441 2433; baseline -0.005 0"><span class='ocrx_word' id='word_1_344' title='bbox 1233 2380 1441 2433; x_wconf 80' lang='lat' dir='ltr'>rallelaS.</span> 
     </span>
     <span class='ocr_line' id='line_1_68' title="bbox 1678 2458 1860 2511; baseline 0.006 -1"><span class='ocrx_word' id='word_1_345' title='bbox 1678 2458 1860 2511; x_wconf 78' lang='lat' dir='ltr'>Aliter.</span> 
     </span>
    </p>
   </div>
   <div class='ocr_carea' id='block_1_14' title="bbox 1231 2550 2487 3316">
    <p class='ocr_par' dir='ltr' id='par_1_30' title="bbox 1240 2550 2487 3178">
     <span class='ocr_line' id='line_1_69' title="bbox 1240 2550 2482 2626; baseline -0.011 -10"><span class='ocrx_word' id='word_1_346' title='bbox 1240 2573 1286 2616; x_wconf 88' lang='lat'>1.</span> <span class='ocrx_word' id='word_1_347' title='bbox 1315 2559 1390 2612; x_wconf 82' lang='lat' dir='ltr'>Ex</span> <span class='ocrx_word' id='word_1_348' title='bbox 1415 2556 1592 2611; x_wconf 84' lang='lat' dir='ltr'>lamina</span> <span class='ocrx_word' id='word_1_349' title='bbox 1623 2556 1902 2610; x_wconf 85' lang='lat' dir='ltr'>orichalcea</span> <span class='ocrx_word' id='word_1_350' title='bbox 1938 2568 2193 2626; x_wconf 86' lang='lat' dir='ltr'>parentur</span> <span class='ocrx_word' id='word_1_351' title='bbox 2202 2550 2303 2605; x_wconf 89' lang='lat' dir='ltr'>duo</span> <span class='ocrx_word' id='word_1_352' title='bbox 2316 2571 2423 2621; x_wconf 53' lang='grc' dir='ltr'>Τὼ</span> <span class='ocrx_word' id='word_1_353' title='bbox 2427 2578 2482 2622; x_wconf 73' lang='lat' dir='ltr'>V</span> 
     </span>
     <span class='ocr_line' id='line_1_70' title="bbox 1351 2630 2487 2704; baseline 0 -15"><span class='ocrx_word' id='word_1_354' title='bbox 1351 2636 1519 2689; x_wconf 85' lang='lat' dir='ltr'>circuli</span> <span class='ocrx_word' id='word_1_355' title='bbox 1550 2637 1787 2690; x_wconf 83' lang='lat' dir='ltr'>ABEDC</span> <span class='ocrx_word' id='word_1_356' title='bbox 1816 2637 1867 2688; x_wconf 73' lang='grc' dir='ltr'>δε</span> <span class='ocrx_word' id='word_1_357' title='bbox 1896 2636 2081 2689; x_wconf 84' lang='lat' dir='ltr'><strong>CFEG</strong></span> <span class='ocrx_word' id='word_1_358' title='bbox 2121 2630 2302 2684; x_wconf 86' lang='lat' dir='ltr'>medio-</span> <span class='ocrx_word' id='word_1_359' title='bbox 2316 2644 2406 2704; x_wconf 75' lang='lat' dir='ltr'><strong>Fz&#39;g.</strong></span> <span class='ocrx_word' id='word_1_360' title='bbox 2396 2657 2487 2704; x_wconf 76' lang='lat'><strong>.34.</strong></span> 
     </span>
     <span class='ocr_line' id='line_1_71' title="bbox 1350 2712 2302 2772; baseline -0.008 -4"><span class='ocrx_word' id='word_1_361' title='bbox 1350 2716 1442 2769; x_wconf 88' lang='lat' dir='ltr'>cris</span> <span class='ocrx_word' id='word_1_362' title='bbox 1476 2714 1744 2767; x_wconf 87' lang='lat' dir='ltr'>latitudinis</span> <span class='ocrx_word' id='word_1_363' title='bbox 1784 2714 1990 2767; x_wconf 83' lang='lat' dir='ltr'>limbum</span> <span class='ocrx_word' id='word_1_364' title='bbox 2023 2712 2259 2764; x_wconf 87' lang='lat' dir='ltr'>habentes</span> <span class='ocrx_word' id='word_1_365' title='bbox 2284 2747 2302 2772; x_wconf 89' lang='lat'>,</span> 
     </span>
     <span class='ocr_line' id='line_1_72' title="bbox 1348 2788 2303 2866; baseline -0.006 -20"><span class='ocrx_word' id='word_1_366' title='bbox 1348 2810 1566 2866; x_wconf 85' lang='lat' dir='ltr'>quorum</span> <span class='ocrx_word' id='word_1_367' title='bbox 1611 2810 1734 2846; x_wconf 90' lang='lat' dir='ltr'>unus</span> <span class='ocrx_word' id='word_1_368' title='bbox 1771 2792 1954 2845; x_wconf 77' lang='lat' dir='ltr'>Meridi</span> <span class='ocrx_word' id='word_1_369' title='bbox 1959 2808 2144 2852; x_wconf 83' lang='lat' dir='ltr'>anum,</span> <span class='ocrx_word' id='word_1_370' title='bbox 2182 2788 2303 2841; x_wconf 83' lang='lat' dir='ltr'>alter</span> 
     </span>
     <span class='ocr_line' id='line_1_73' title="bbox 1349 2863 2301 2943; baseline -0.008 -17"><span class='ocrx_word' id='word_1_371' title='bbox 1349 2878 1586 2943; x_wconf 80' lang='lat' dir='ltr'>AEquato</span> <span class='ocrx_word' id='word_1_372' title='bbox 1588 2890 1679 2924; x_wconf 86' lang='lat' dir='ltr'>em</span> <span class='ocrx_word' id='word_1_373' title='bbox 1739 2866 2062 2942; x_wconf 69' lang='lat' dir='ltr'>repraesentat.</span> <span class='ocrx_word' id='word_1_374' title='bbox 2145 2863 2301 2920; x_wconf 85' lang='lat' dir='ltr'>Unde</span> 
     </span>
     <span class='ocr_line' id='line_1_74' title="bbox 1347 2946 2299 3020; baseline -0.006 -17"><span class='ocrx_word' id='word_1_375' title='bbox 1347 2950 1417 3003; x_wconf 81' lang='lat' dir='ltr'>ita</span> <span class='ocrx_word' id='word_1_376' title='bbox 1443 2946 1762 3002; x_wconf 84' lang='lat' dir='ltr'>combinandi</span> <span class='ocrx_word' id='word_1_377' title='bbox 1778 2987 1791 3005; x_wconf 88' lang='lat'><em>,</em></span> <span class='ocrx_word' id='word_1_378' title='bbox 1821 2965 1873 3001; x_wconf 88' lang='lat' dir='ltr'>ut</span> <span class='ocrx_word' id='word_1_379' title='bbox 1899 2947 2096 3020; x_wconf 51' lang='lat' dir='ltr'>interior</span> <span class='ocrx_word' id='word_1_380' title='bbox 2119 2946 2299 2998; x_wconf 80' lang='lat' dir='ltr'>CGEF</span> 
     </span>
     <span class='ocr_line' id='line_1_75' title="bbox 1344 3022 2296 3099; baseline -0.006 -19"><span class='ocrx_word' id='word_1_381' title='bbox 1344 3029 1391 3080; x_wconf 87' lang='lat' dir='ltr'>in</span> <span class='ocrx_word' id='word_1_382' title='bbox 1412 3027 1552 3080; x_wconf 84' lang='lat' dir='ltr'>situm</span> <span class='ocrx_word' id='word_1_383' title='bbox 1580 3027 1641 3079; x_wconf 85' lang='lat' dir='ltr'>ad</span> <span class='ocrx_word' id='word_1_384' title='bbox 1669 3029 1814 3081; x_wconf 80' lang='lat' dir='ltr'>AssD</span> <span class='ocrx_word' id='word_1_385' title='bbox 1840 3022 2296 3099; x_wconf 84' lang='lat' dir='ltr'>perpendicularem</span> 
     </span>
     <span class='ocr_line' id='line_1_76' title="bbox 1345 3103 1736 3178; baseline -0.003 -19"><span class='ocrx_word' id='word_1_386' title='bbox 1345 3105 1393 3159; x_wconf 85' lang='lat' dir='ltr'>d</span> <span class='ocrx_word' id='word_1_387' title='bbox 1403 3103 1502 3177; x_wconf 66' lang='lat' dir='ltr'>ssz</span> <span class='ocrx_word' id='word_1_388' title='bbox 1527 3106 1538 3130; x_wconf 76' lang='lat'><strong>²</strong></span> <span class='ocrx_word' id='word_1_389' title='bbox 1526 3104 1693 3178; x_wconf 82' lang='lat' dir='ltr'>poss</span> <span class='ocrx_word' id='word_1_390' title='bbox 1699 3121 1736 3158; x_wconf 87' lang='lat' dir='ltr'>t</span> 
     </span>
    </p>

    <p class='ocr_par' dir='ltr' id='par_1_31' title="bbox 1231 3180 2296 3260">
     <span class='ocr_line' id='line_1_77' title="bbox 1231 3180 2296 3260; baseline -0.015 -16"><span class='ocrx_word' id='word_1_391' title='bbox 1231 3197 1281 3244; x_wconf 85' lang='lat'>2.</span> <span class='ocrx_word' id='word_1_392' title='bbox 1310 3186 1576 3260; x_wconf 82' lang='lat' dir='ltr'>Qadrans</span> <span class='ocrx_word' id='word_1_393' title='bbox 1604 3185 1697 3240; x_wconf 64' lang='lat' dir='ltr'>Bc,</span> <span class='ocrx_word' id='word_1_394' title='bbox 1712 3180 2005 3237; x_wconf 66' lang='lat' dir='ltr'>dividatur</span> <span class='ocrx_word' id='word_1_395' title='bbox 1992 3201 2038 3235; x_wconf 87' lang='lat' dir='ltr'>m</span> <span class='ocrx_word' id='word_1_396' title='bbox 2062 3194 2238 3250; x_wconf 83' lang='lat' dir='ltr'>nonag</span> <span class='ocrx_word' id='word_1_397' title='bbox 2244 3193 2296 3228; x_wconf 91' lang='lat' dir='ltr'>n-</span> 
     </span>
    </p>

    <p class='ocr_par' dir='ltr' id='par_1_32' title="bbox 1757 3259 2290 3316">
     <span class='ocr_line' id='line_1_78' title="bbox 1757 3259 2290 3316; baseline -0.015 -3"><span class='ocrx_word' id='word_1_398' title='bbox 1757 3259 1850 3313; x_wconf 83' lang='lat' dir='ltr'>Aa</span> <span class='ocrx_word' id='word_1_399' title='bbox 1895 3273 1923 3316; x_wconf 91' lang='lat'>2</span> <span class='ocrx_word' id='word_1_400' title='bbox 2242 3269 2290 3306; x_wconf 90' lang='lat' dir='ltr'>ta</span> 
     </span>
    </p>
   </div>
  </div>
 </body>
</html>
