2641 3687
311 152 460 239 ης
848 139 2105 253 PRAEFATIO.

314 296 426 365 ubi
489 292 901 364 Munimenta
952 295 1174 366 animo
1244 313 1554 386 concepta
1608 292 1709 367 vel
1772 293 1836 362 in
1893 292 2107 363 charta
2182 287 2595 370 delineanda,

314 397 416 470 vel
491 405 643 467 actu
714 400 1079 470 exstruenda
1131 428 1148 489 3
1224 399 1373 470 ideo
1439 421 1705 493 quoque
1761 396 2013 473 docui,
2074 395 2427 492 quomodo
2494 420 2599 488 per

319 499 628 571 Calculos
724 504 1170 573 Geometricos
1240 507 1309 571 ὥς
1391 499 1992 597 Trigonometricos
2058 526 2130 569 ex
2213 497 2626 593 quibusdam·

311 602 489 673 lineis
555 630 745 702 atque
798 606 1045 702 angulis
1100 604 1447 677 secundum
1512 603 1754 701 regulas
1809 600 2317 674 fundamentales
2372 601 2627 670 aisum-=

314 707 392 776 tis
459 706 697 805 reliqua
768 735 1078 781 eruantur.
1188 708 1358 778 Hinc
1423 733 1576 776 vero
1637 710 1824 776 const
1821 705 1950 777 tort
1998 758 2014 783 ,
2090 732 2288 818 quarn
2361 703 2599 773 felicio-

315 835 410 879 res
450 810 658 880 fiant
642 838 705 880 in
753 812 1188 883 Architectura
1231 809 1482 880 militari
1540 811 1935 908 progressus,
1978 809 2018 877 si
2061 834 2199 904 quis
2237 831 2380 876 ante
2431 813 2599 877 Geo-

317 913 558 983 metriae
631 938 823 1011 atque
906 914 1447 1015 Trigonometriae
1527 913 1846 1008 praeceptis
1918 911 2211 982 animum
2275 909 2597 981 imbuerit.

317 1017 572 1087 Suadeo
622 1043 880 1115 itaque,
939 1043 1008 1088 ut
1058 1045 1137 1088 ne
1190 1016 1269 1087 ad
1322 1016 1773 1086 Architecturae
1813 1014 2096 1085 militaris
2146 1013 2427 1084 studium
2476 1014 2602 1085 ani-

312 1145 505 1190 mum
564 1122 904 1215 appellat,
978 1121 1087 1220 qui
1153 1121 1454 1191 nondum
1542 1120 1877 1190 Elementa
1950 1118 2336 1189 Geometr-iae
2407 1142 2600 1216 atque

311 1223 855 1322 Trigonometriae
913 1225 975 1293 in
1030 1233 1255 1296 Tomo
1323 1226 1535 1318 primo
1590 1252 1625 1293 a
1673 1223 1861 1294 nobis
1915 1222 2243 1318 explanata
2300 1220 2600 1317 improba

313 1325 610 1397 industria
670 1326 998 1400 evolverit.
1112 1335 1214 1398 De
1268 1328 1378 1396 usu
1437 1327 1599 1397 Artis
1652 1325 1985 1397 muniendi
2054 1352 2192 1394 non
2264 1331 2347 1394 est
2418 1327 2601 1422 quod

313 1429 567 1502 dicam:
621 1430 759 1528 quis
825 1434 1001 1502 enim
1057 1432 1355 1532 ignorat,
1416 1432 1541 1500 fine
1591 1457 1662 1501 ea
1733 1432 1904 1525 Reip.
1963 1428 2229 1500 salutem
2293 1427 2602 1500 subfistere

310 1559 450 1603 non
515 1534 731 1629 poffe?
785 1541 977 1630 Juvat
1019 1540 1150 1632 ejus
1191 1534 1486 1633 cognitio
1552 1560 1783 1604 omnes
1822 1587 1839 1611 ,
1892 1534 2001 1630 qui
2079 1534 2267 1603 castra
2334 1534 2604 1630 seqUun-

309 1663 416 1709 tur
449 1669 469 1706 .·
524 1641 703 1733 juvat
761 1664 871 1708 eos
908 1686 925 1712 ,
983 1642 1092 1736 qui
1132 1641 1213 1710 ad
1274 1664 1414 1708 oras
1464 1636 1818 1736 peregrinas
1873 1637 2061 1706 finitis
2113 1636 2325 1708 studiis
2374 1635 2605 1706 Acade-

311 1741 497 1813 micis
552 1766 888 1812 excurrunt
915 1754 940 1819 ,'
993 1744 1409 1814 Munimenta
1462 1741 1681 1838 paffim
1747 1743 2061 1810 exstructa
2099 1740 2260 1811 inter
2298 1739 2414 1812 alia
2445 1767 2604 1810 con-

316 1845 729 1942 templaturi:
779 1847 955 1941 juvat
1017 1847 1294 1943 denique
1360 1872 1470 1916 eos
1511 1901 1530 1934 ‚
1603 1843 1838 1942 quibus
1912 1846 2298 1943 cognoscere
2365 1843 2609 1938 volupe

318 1951 454 2027 est,
507 1975 649 2045 quae
711 1948 789 2018 de
854 1954 1431 2021 Munimentorum
1491 1949 2019 2047 oppugnatione,
2084 1947 2603 2047 propugnatione

322 2058 394 2124 &
436 2052 950 2150 expugnatione,
1002 2053 1148 2124 belli
1201 2053 1639 2148 temporibus,
1687 2057 1858 2122 fama
1904 2050 2156 2145 publica
2206 2051 2288 2122 ad
2331 2078 2454 2121 nos
2496 2051 2604 2124 de-

323 2158 656 2227 feruntur:
713 2156 1008 2252 quamvis
1062 2185 1200 2228 non
1266 2156 1534 2228 diffitear
1572 2211 1589 2237 ,
1648 2155 1691 2225 fi
1743 2155 1884 2253 quis
1951 2156 2178 2250 scopos
2234 2152 2641 2251 posteriores⁴

323 2260 437 2330 fibi
490 2259 671 2328 unice
721 2259 1044 2352 praefixerit
1085 2310 1102 2337 ‚
1168 2262 1223 2332 ei
1286 2260 1460 2331 haud
1526 2286 1864 2357 quaquam
1934 2284 2097 2354 opus
2155 2259 2268 2330 esse
2305 2311 2320 2336 ‚
2380 2281 2451 2328 ut
2522 2258 2601 2330 ad

209 2363 216 2366 ⁴
313 2362 803 2435 accurationem
859 2365 1339 2436 Geometricam
1393 2369 1465 2434 ὃς
1518 2363 2161 2462 Trigonometricam
2224 2361 2598 2436 descendat,

323 2467 428 2541 vel
453 2465 648 2537 etiam
686 2465 750 2535 in
791 2464 1176 2540 delineandis
1217 2468 1649 2542 Munimentis
1690 2491 1897 2563 operae
1931 2466 2267 2564 quidpiam
2305 2465 2597 2536 insumat.

1313 2737 1600 2843 aaz

1369 2844 1562 2945 aaa

1404 2950 1503 3050 a?

2387 3264 2600 3342 ΕΒΗ-ἑ
