2641 3687
333 163 441 213 208

417 278 506 333 niae
534 278 704 334 itidem
731 281 855 336 libra
883 302 997 339 una.
1058 287 1156 341 Vel
1184 299 1215 347 6
1245 289 1377 343 libris

416 358 637 411 Pulveris
663 361 790 431 pyrii
826 365 1117 430 adjiciantur
1156 369 1287 423 Nitri
1322 369 1374 421 li-

417 437 519 490 brae
547 453 580 498 4
607 476 620 494 ‚
646 440 901 511 Sulphuris
950 442 1118 496 itidem
1143 461 1177 506 4
1195 484 1208 507 ,
1247 447 1375 502 Vitri

420 516 470 568 in
521 517 774 588 pulverem
820 520 1002 574 reda-eti
1053 522 1178 576 libra
1236 543 1330 577 una
1352 562 1368 586 ‚

423 595 705 653 Antimonii
755 597 961 653 dimidia
989 619 1005 662 ,·
1069 602 1372 674 Camphorae

421 675 658 737 dimidia,
688 677 810 731 Salis
845 678 1162 733 Ammoniaci
1196 699 1290 735 una
1322 686 1373 736 δε

419 754 541 810 Salis
567 757 843 810 communis
868 757 1019 809 unciae
1041 771 1092 819 4.

1435 293 1442 381 l

304 843 353 888 2.
379 833 599 887 Materiae
628 834 826 906 reliquae
851 853 949 888 non
977 835 1106 889 adeo
1133 833 1371 891 subtiliter
1431 863 1435 870 ·

414 928 636 966 terantur
664 928 715 964 ut
742 914 936 976 Pulvis,
963 931 1026 967 ne
1053 912 1253 969 effe6tus
1278 918 1369 970 im-

412 994 674 1045 minuatur.

295 1079 345 1131 3·
373 1071 452 1125 Ur
491 1071 637 1141 igitur
677 1070 897 1134 constet,
940 1070 1109 1125 omnia
1144 1070 1235 1125 rite
1274 1073 1367 1126 esie

407 1150 607 1222 peracia
636 1187 650 1210 ‚
679 1150 880 1202 materia
922 1166 1191 1223 praeparata
1215 1153 1368 1207 tubus

409 1227 600 1297 ligneus
627 1227 983 1298 adimpleatur,
1013 1230 1150 1296 cujus
1177 1230 1364 1285 diame-

407 1320 485 1360 ter
506 1306 866 1376 longitudinem
895 1309 1035 1361 unius
1058 1309 1198 1379 digiti
1229 1310 1364 1363 circi-

409 1400 482 1437 ter
521 1386 747 1455 adaequat
790 1407 800 1436 :
844 1385 1023 1459 quodsi
1066 1390 1260 1441 flamma
1300 1388 1364 1443 ad

404 1464 613 1535 duplam
650 1464 757 1515 tubi
802 1461 1166 1535 longitudinem
1200 1464 1363 1520 ascen-

408 1543 538 1596 derit
569 1566 582 1599 ,·
609 1543 924 1614 &igniculos
959 1544 1249 1614 crepitantes
1285 1565 1364 1600 un-

402 1622 664 1692 diquaque
692 1618 909 1691 sparserit
945 1623 1132 1676 corium
1164 1640 1362 1698 tympa-

405 1701 454 1754 ni
473 1699 850 1761 adurentes,nec
867 1697 1073 1771 exspiret
1086 1739 1100 1763 ,
1123 1703 1204 1755 nisi
1221 1707 1361 1772 Sym-

405 1779 530 1832 bolo
571 1778 867 1849 Apostolico
909 1798 1009 1833 non
1048 1782 1189 1835 nimis
1235 1783 1361 1837 festi-

403 1874 577 1914 nanter
595 1859 801 1911 recitato
828 1857 1005 1931 (quod
1025 1863 1127 1913 vult
1154 1864 1362 1916 SrfiMo-

409 1953 737 1992 Niwlrzins
773 1939 912 2011 (g),·
946 1940 1111 1993 omnia
1139 1939 1271 1996 bene
1299 1938 1362 1995 se-

403 2017 448 2070 se
475 2016 749 2069 habebunt.

570 2105 1056 2161 SCHOLION.

356 2227 430 2274 53.
470 2215 593 2261 Alias
622 2215 937 2276 compositiones
962 2222 1102 2266 tradit
1126 2223 1359 2269 Bucam-

285 2299 379 2330 πως
420 2282 499 2338 (h)
519 2314 533 2333 ,
569 2280 650 2342 ipso
678 2281 747 2338 usu
777 2285 1084 2346 comprobatas.
1131 2292 1186 2334 In
1211 2305 1358 2335 earum

285 2364 460 2396 numero
482 2348 582 2405 sunt
604 2378 616 2396 ‚
645 2364 750 2410 quas
779 2351 915 2398 nullus
938 2355 1180 2413 ingreditur
1203 2356 1359 2402 Pulvis

279 2418 433 2479 pyritis
455 2447 467 2466 ,
499 2412 638 2459 veluti
663 2415 697 2472 fi
718 2415 942 2472 sumantur
976 2422 1114 2467 Nttn·
1138 2420 1362 2483 purificati

287 2486 342 2530 (φ
378 2485 422 2527 in
453 2483 651 2543 pollinem
679 2485 840 2530 redasti
876 2484 993 2532 librae
1030 2490 1055 2531 6
1081 2519 1095 2539 ,
1137 2489 1361 2551 Sulphuris

281 2546 509 2613 purificati
529 2546 640 2593 libra
661 2565 745 2594 una
774 2568 865 2597 cum
901 2567 954 2597 12
977 2553 1233 2611 semunciis,
1258 2572 1361 2616 gru-

285 2632 436 2663 norum
463 2617 628 2676 sinapis
650 2620 675 2681 ᾗ
712 2621 836 2663 uni-us
856 2617 973 2665 librae
997 2626 1045 2671 ὠ*
1065 2621 1185 2668 Vitri
1201 2624 1363 2682 contusi

278 2689 498 2748 ftmunciae
533 2703 573 2747 3.
633 2691 856 2736 Dividunt
889 2695 1001 2739 enim
1032 2692 1220 2751 artifices
1253 2713 1362 2742 com-

282 2754 510 2818 positiones
539 2753 640 2807 istas
666 2756 710 2800 in
739 2758 884 2816 nigras
905 2794 917 2810 ,
935 2757 1163 2820 fitbnigras
1190 2763 1244 2807 (9⁸
1265 2780 1362 2809 can-

283 2825 431 2873 didas,
452 2836 632 2883 quarum
651 2823 742 2867 illm
763 2824 919 2870 nullum
941 2827 1129 2873 Nicrum
1143 2858 1156 2879 ,
1179 2827 1253 2873 lm
1268 2830 1361 2875 nul-

279 2889 348 2936 lus
375 2888 531 2934 Pulvis
563 2891 716 2949 pyrius
748 2892 1026 2951 ingreditur5
1058 2893 1151 2939 aliae
1183 2911 1286 2943 vero
1308 2900 1361 2944 &⁴

281 2958 475 3004 Nitrum
493 2955 547 2999 (5
562 2954 790 3002 Pulverem
806 2961 979 3019 pyrium
996 2963 1222 3023 recipiunt.

505 3044 923 3098 PROBLEMA
1011 3050 1150 3102 XII.

369 3144 455 3197 54.
491 3126 960 3225 Globum'repletum
995 3141 1161 3209 ligare.

334 3254 419 3304 (g)
457 3257 557 3297 Part.
588 3259 616 3296 l.
643 3256 813 3298 Lib.1V.
837 3274 869 3299 c.
890 3267 923 3306 5.
944 3256 969 3297 f.
995 3273 1077 3313 ¹40·

334 3306 417 3354 (h)
451 3309 552 3350 Part.
582 3311 614 3348 1.
637 3304 666 3351 f.
699 3312 760 3358 83·
797 3311 838 3351 δε
869 3309 974 3365 seqq.

679 151 1300 228 ELEMENTA
1381 160 2218 220 PYRoTEcHN1AE.

1776 294 2316 347 ResoLUTIO.

1507 403 1551 446 1.
1583 391 1724 447 Fiant
1749 392 1852 447 duo
1876 393 2042 446 annuli
2073 391 2217 447 ferrei
2250 395 2338 449 ΑΒ
2364 397 2415 449 &
2441 393 2641 472 CD,*1·N

1620 489 1837 542 quorum
1867 489 1993 525 unus
2019 486 2213 542 aptatur
2240 472 2367 526 circa
2407 475 2620 532 lumenf

1614 550 1700 612 G,
1743 550 1828 603 ubi
1863 550 2066 603 Globus
2097 549 2405 614 incenditur,
2448 551 2571 608 alter

1611 646 1770 700 prope
1802 622 1951 681 basin.
2020 628 2276 682 Diameter
2310 628 2570 701 superioris

1610 707 1683 759 est
1711 712 1774 774 3&
1791 745 1804 767 ,
1834 704 2076 759 inferioris
2105 724 2155 774 3,
2180 704 2212 758 fi
2231 706 2427 779 pondus
2445 707 2568 761 Glo-

1615 784 1665 836 bi
1709 799 1815 840 100
1849 784 2111 842 librarum5
2154 784 2239 837 ista
2272 800 2297 851 3
2322 823 2335 847 ,
2369 787 2469 839 haec
2499 799 2563 851 2,

1610 860 1644 914 fi
1669 860 1865 934 pondus
1890 862 2126 916 librarum
2145 877 2218 930 7ς
2239 883 2251 920 3
2279 863 2364 916 ista
2395 877 2447 925 2,
2466 864 2566 918 haec

1619 949 1679 1013 35}
1704 942 2006 1013 digitorum,
2044 940 2076 993 fi
2109 940 2305 1013 pondus
2331 942 2564 996 librarum
2632 934 2634 974 1

1614 1031 1714 1087 25,-
1741 1020 1825 1071 ista
1852 1018 2069 1090 denique
2107 1022 2181 1083 13,
2228 1019 2331 1072 haec
2364 1025 2423 1093 [ᾗ
2445 1020 2566 1093 digi-

1608 1097 1674 1159 ti,
1702 1096 1735 1150 si
1761 1096 1959 1168 pondus
1981 1094 2146 1151 Gl'obi
2166 1096 2399 1150 librarum
2435 1114 2519 1164 15.

1494 1183 1544 1228 2.
1570 1176 1831 1230 Puniculus
1865 1176 1928 1228 ad
1956 1175 2166 1229 annulos
2191 1175 2429 1247 religetur
2451 1215 2466 1238 ,
2498 1177 2566 1231 ita

1610 1268 1662 1307 ut
1685 1251 1885 1307 diversae
1920 1254 2024 1322 ejus
2057 1269 2220 1326 partes
2250 1254 2465 1308 referant
2499 1251 2565 1309 se-

1606 1331 1886 1385 micirculos
1933 1332 2177 1385 maximos
2219 1330 2429 1403 Sphaerae
2477 1351 2565 1406 per

1607 1410 1757 1464 Polos
1777 1411 2000 1466 Globum
2027 1406 2260 1464 secantes.

1493 1502 1539 1554 3.
1577 1489 1660 1544 Ad
1700 1488 1946 1542 funiculos
1984 1485 2246 1542 secundum
2292 1487 2563 1560 longitudi=
2638 1529 2641 1534 -

1604 1586 1717 1621 nem
1767 1567 1929 1620 Globi
1967 1565 2193 1621 extensos
2245 1566 2513 1638 religentur
2540 1606 2559 1631 ‚

1600 1646 1684 1700 ⁴alii
1709 1665 1794 1699 eos
1828 1644 1891 1699 acl
1924 1646 2132 1718 angulos
2167 1647 2324 1700 rectos
2346 1643 2560 1699 secantes

1609 1742 1667 1779 ac
1693 1725 1816 1780 inter
1837 1722 1881 1779 se
1911 1725 2158 1797 paralleli,
2185 1724 2316 1778 fatto
2339 1724 2387 1777 in
2414 1724 2560 1779 inter·

1606 1803 1818 1858 sestione
1844 1804 2068 1876 qualibet
2097 1802 2255 1857 nodo,

1488 1895 1541 1944 4.
1562 1886 1635 1938 Ex
1662 1882 1852 1936 laminis
1871 1883 2061 1955 cupreis
2080 1880 2453 1936 afferruminatis
2476 1900 2559 1954 pa·
2636 1914 2641 1925 ι

1604 1978 1771 2015 rentur
1807 1962 1976 2024 Ictus,
2028 1977 2243 2032 quorum
2291 1959 2559 2032 longitudo
2636 1983 2641 2011 ι

1603 2043 1688 2093 ΗΙ
1727 2039 1780 2093 sit
1815 2038 2042 2093 diametri
2079 2036 2338 2112 superioris
2375 2042 2425 2092 H
2461 2036 2561 2093 sex-

1601 2118 1740 2189 tupla
1775 2122 1825 2172 &
1851 2119 1897 2172 in
1927 2117 2103 2171 areolis
2131 2117 2407 2188 quadratis,
2434 2135 2556 2189 quas
2636 2137 2641 2170 ε

1602 2195 1806 2250 funiculi
1825 2193 1869 2250 se
1887 2213 2064 2250 mutuo
2089 2194 2431 2250 intersecantes
2458 2195 2556 2250 for-
2622 2195 2641 2241 *-

1602 2291 1764 2339 mant,
1789 2275 1836 2327 in
1859 2275 2089 2329 Globum
2118 2276 2312 2329 terebra
2341 2274 2557 2347 perfora·
2621 2275 2641 2340 ’ἑ

1603 2369 1709 2405 tum
1740 2352 2023 2425 adigantur.
2631 2349 2641 2371 ⁸*

1491 2447 1536 2500 5.
1567 2432 1697 2485 Icius
1739 2435 2020 2502 repleantur
2059 2431 2268 2486 Pulvere
2301 2431 2445 2503 pyrio
2486 2427 2561 2484 us·
2620 2426 2641 2469 =.‘

1605 2528 1704 2582 que
1748 2510 1813 2562 ad
1856 2510 2113 2564 dimidiam
2159 2511 2467 2564 altitudinem
2513 2513 2564 2563 &

1606 2587 1817 2641 immisso
1862 2590 2038 2642 Globo
2075 2589 2313 2662 plumbeo
2349 2585 2562 2659 spatium

1606 2667 1851 2738 reliquum
1908 2669 2045 2740 stup-a
2107 2684 2191 2722 aut
2248 2666 2414 2721 charta
2472 2665 2561 2719 im-

1604 2745 1815 2816 pleatur.

1711 2827 2102 2878 PROBLEMA
2168 2825 2336 2878 XIII.

1570 2926 1592 2979 ς
1611 2924 1632 2978 5
1647 2953 1656 2965 .
1684 2910 1894 2967 Globum
1920 2915 2271 2966 incendiarium
2294 2913 2558 2982 baptizare.
2611 2924 2616 2958 :

1753 2991 2296 3043 ResoLUTIO.
2619 3002 2641 3013 ‘¹

1495 3083 1538 3124 1.
1571 3068 1628 3121 ln
1649 3067 1821 3120 tabula
1840 3069 1999 3140 lignea
2028 3065 2331 3121 describatur
2354 3066 2557 3122 circulus
2629 3066 2641 3120 i

1605 3145 1792 3199 circulo
1825 3148 2048 3200 maximo
2073 3146 2230 3204 Globi
2254 3145 2481 3220 aequaliS,
2509 3148 2558 3198 &
2618 3150 2641 3194 ⁴]

1507 3196 1514 3204 ι
1608 3222 1770 3298 figura
1801 3222 2129 3282 exscindatur.
2503 3300 2526 3353 Ι

1534 3316 1541 3318 ·
2423 3311 2476 3358 2.
2527 3316 2558 3354 n
2639 3344 2641 3348 -
