2641 3687
234 148 308 204 72
434 135 885 192 ELEMENTA
926 135 1482 208 GEOGRAPHIAE
1523 144 1624 202 ET
1661 142 2345 202 HYDRoGRAPHIAE.

357 264 422 317 ab
446 282 511 318 eo
540 261 903 339 praet-erlapsum
928 284 1248 322 convertatur
1267 268 1319 324 in

361 342 545 414 gradus
559 345 839 416 AEquatoris
863 349 1049 408 (§.212
1076 347 1319 416 Astron.),
1369 398 1372 401 .

366 435 422 473 ut
460 423 701 476 habeatur
726 440 865 477 arcus
891 425 996 477 ΑΜ
1021 446 1032 476 :
1062 425 1148 496 qui
1174 427 1317 479 meti-

359 513 439 552 tur
455 500 692 572 angulum
713 503 827 556 ZPS
847 505 969 573 (§.3
985 512 1011 566 3
1037 501 1213 573 Sphaer.
1240 503 1279 570 ).

243 590 295 636 2.
316 578 570 652 Qoniam
584 579 714 632 adeo
738 580 785 633 in
806 580 1056 652 triangulo
1075 583 1189 635 ZPS
1204 598 1323 652 prae-

359 672 434 710 ter
468 657 705 728 angulum
744 659 1096 731 cognominem
1139 656 1323 713 dantur

361 735 514 789 latera
532 738 605 790 ZS
629 740 679 790 ἃ
698 739 768 790 PS
786 736 1053 790 altitudinis
1072 737 1151 791 ΕΒ
1172 740 1220 791 δι
1238 737 1324 792 de-

364 814 644 868 clinationis
660 815 755 867 MS
771 814 1138 889 complementa
1152 834 1166 872 3
1188 833 1324 888 repe-

370 892 524 946 rietur
547 895 662 960 ZP(
676 897 721 951 §-
750 901 850 950 162
873 891 1126 965 Spharic.)
1151 931 1166 958 ,
1197 894 1325 949 Lati-

377 971 560 1026 tudinis
578 972 664 1024 AZ
681 970 1122 1043 complementum.

563 1078 1041 1133 SenotloN.

327 1201 351 1246 3
363 1201 438 1247 50.
475 1186 627 1247 Qodfi
645 1188 831 1235 altitudo
845 1185 967 1240 stella
990 1189 1140 1240 detur,
1161 1188 1330 1234 inveni-

253 1255 298 1302 ri
316 1252 440 1301 debet
454 1254 659 1316 punitum
681 1257 932 1317 AEquatoris
958 1255 1002 1301 A
1020 1254 1255 1301 culminans
1275 1257 1330 1301 ad

248 1333 416 1383 tempus
444 1324 625 1376 datum(
651 1322 694 1377 §.
718 1326 807 1372 298
835 1319 1014 1368 Astron.
1033 1322 1174 1384 >quod
1190 1338 1244 1368 ex
1270 1320 1328 1379 as:

251 1389 435 1445 cenfione
450 1388 565 1435 reela
588 1393 653 1434 M
659 1386 785 1443 stellae
803 1389 849 1434 in
864 1399 992 1450 parte
1006 1389 1112 1435 Coeli
1121 1389 1331 1436 orientali

248 1452 479 1513 obfhrvatae
507 1453 755 1512 subdut‘lum
789 1454 996 1518 relinquit
1026 1470 1172 1502 arcum
1208 1458 1326 1503 AM.

249 1520 423 1585 Qodfi
437 1521 558 1576 stella
588 1520 729 1582 fuerit
749 1523 794 1568 in
811 1533 939 1584 parte
969 1522 1248 1575 occidentali,
1267 1522 1327 1580 as.

246 1587 383 1647 cenfio
398 1589 514 1636 resia
529 1590 590 1636 M
602 1604 657 1635 ex
667 1588 821 1651 pundo
841 1589 1100 1636 culminante
1118 1591 1163 1635 A
1171 1588 1327 1647 subdu-

249 1657 396 1707 cenda,
413 1669 462 1702 ut
484 1658 597 1703 idem
616 1670 740 1702 arcus·
757 1657 802 1703 A
810 1657 871 1702 M
883 1655 1172 1717 relinquatur.
1208 1657 1326 1705 Reli·

252 1739 335 1786 qua
344 1720 485 1781 fiunt,
508 1734 556 1770 ut
574 1725 618 1770 in
636 1719 886 1780 resolutione
905 1720 1209 1771 Problemata.

404 1819 858 1871 ⁴PROBLEMA
925 1817 1151 1871 LXIX

337 1935 440 1991 351
449 1962 466 1975 .
512 1922 710 1976 Itineris
744 1925 1071 1993 quantitatem
1111 1925 1165 1972 in
1198 1922 1324 1972 mari

252 2007 349 2058 rite
373 2003 614 2072 aestimare.

536 2105 1048 2157 Resotur1o.

267 2222 288 2264 Ι
302 2247 312 2258 .
342 2205 601 2260 Funiculus
620 2206 665 2259 in
691 2219 806 2272 700
821 2203 1012 2258 circiter
1035 2199 1235 2274 orgyias
1251 2197 1325 2252 di-

375 2283 744 2355 vidatur‚eique
757 2281 983 2337 navicula
996 2282 1154 2352 lignea
1170 2277 1326 2352 plum-

374 2363 447 2416 bo
472 2363 644 2418 onusta
667 2362 906 2435 alligetur.

261 2455 315 2502 2.
340 2442 602 2497 Funiculus
637 2442 766 2496 circa
793 2437 1071 2509 cylindrum
1099 2437 1144 2490 in
1174 2433 1327 2508 puppi

379 2521 652 2574 volubilem
681 2517 1098 2573 circumvolvatur
1124 2519 1174 2569 δε
1197 2513 1330 2567 navi.

377 2600 487 2653 cula
514 2600 633 2652 mari
652 2600 1010 2653 committatur.

264 2694 314 2747 3.
342 2676 721 2753 Qamprimum
742 2689 814 2734 20
830 2675 1021 2729 circiter
1031 2672 1218 2744 orgyiae
1229 2669 1329 2725 fue-

379 2759 475 2813 rint
511 2755 862 2829 deglomeratae
886 2793 902 2818 ,
942 2749 1223 2825 Clepsydra
1259 2749 1331 2802 in·-

375 2850 615 2896 vertatur,
628 2853 739 2909 quae
752 2831 1041 2889 seminutum
1057 2830 1332 2891 horarium,

380 2911 460 2970 seu
490 2928 562 2980 30
591 2910 812 2986 scrupula
841 2909 1052 2967 secunda
1084 2909 1330 2964 metiatur.

267 3010 322 3060 4.
345 2999 688 3053 Numerentur
704 2991 888 3065 orgyiae
914 2988 1058 3044 nodis
1082 2985 1111 3041 a
1137 2983 1185 3041 se
1212 2984 1336 3041 invi-

387 3091 497 3129 cem
518 3072 776 3135 distinc'tae,
801 3087 912 3144 quae
936 3069 1121 3124 interea
1144 3080 1337 3139 tempo-

387 3152 450 3207 ris
467 3149 893 3224 deglomerantur.

276 3249 325 3306 ς.
351 3229 547 3312 Qodfi
571 3225 934 3305 longitudinem
968 3223 1094 3282 funis
1118 3224 1303 3283 interea
1322 3260 1341 3288 ,

1561 269 1684 326 dum
1709 273 1893 328 fluebat
1918 271 2223 346 Clepsydra‚
2261 275 2524 349 deglome·

1561 351 1656 404 rati
1696 351 1989 422 multiplices
2013 369 2102 424 per
2134 365 2268 410 1205
2295 355 2524 427 prodibit

1564 431 1812 501 quantitas
1850 428 2030 482 itineris
2055 430 2255 484 horarii.

1444 515 1500 566 6..
1527 511 1699 579 Qare
1740 507 1776 561 fi
1809 506 2019 561 eandem
2061 508 2405 580 operationem
2447 529 2521 566 re-

1558 602 1718 659 petas,
1734 585 1931 659 quoties
1955 587 2167 639 mutatio
2191 586 2357 659 aliqua
2371 590 2419 643 in
2445 608 2522 644 ce-

1563 663 1757 717 leritate
1781 663 1919 717 navis
1958 661 2252 717 observatur
2278 683 2294 722 3
2327 669 2519 740 quanti-

1565 756 1716 794 tatem
1748 742 1925 795 itineris
1954 742 2136 813 peracti
2182 740 2304 797 dato
2345 745 2520 819 aliquo

1557 835 1789 892 tempore
1804 819 2037 875 aestimare
2063 819 2250 875 licebit.

1692 935 2168 989 'SGHOLIoN
2231 935 2273 989 1.

1520 1046 1630 1094 352.
1669 1034 1770 1079 Hac
1805 1033 2000 1080 methodo
2029 1037 2306 1081 communiter
2335 1046 2519 1082 utuntur

1449 1101 1612 1146 Naatae
1631 1131 1645 1151 ,
1662 1097 1891 1161 prasertim
1922 1100 2059 1160 Angli
2079 1119 2089 1147 :
2113 1113 2163 1146 ut
2180 1113 2324 1148 tamen
2358 1102 2519 1150 calculo

1447 1178 1552 1228 opus·
1575 1182 1657 1213 non
1678 1164 1765 1224 fit,
1798 1168 1868 1213 -ita
1900 1165 2149 1225 divisionem
2178 1167 2368 1227 funiculi
2399 1168 2519 1223 insti-

1446 1244 1603 1285 tuunt,
1633 1244 1682 1278 ut
1704 1248 1758 1278 ex
1789 1248 1961 1279 numero
1986 1235 2189 1281 nodorum
2212 1236 2520 1296 deglomerato-

1452 1316 1546 1346 rum
1574 1301 1794 1364 quantitas
1818 1300 1990 1346 itineris
2023 1300 2190 1348 horarii
2209 1299 2359 1353 statim
2397 1304 2522 1349 inno-

1450 1366 1595 1422 tescat.
1634 1366 1778 1412 Facile
1804 1382 1908 1413 vero
1945 1378 2125 1429 apparet
2150 1399 2163 1421 ‚
2203 1367 2523 1423 aestimationem

1450 1435 1567 1481 illam
1585 1435 1810 1480 admodum
1827 1431 2037 1480 lubricam
2066 1431 2156 1493 effit-

1692 1522 2141 1575 ScHoLloN
2202 1523 2277 1578 11.

1518 1634 1625 1685 353„
1660 1627 1858 1672 Vtrnuv
1874 1639 1950 1669 1us
1988 1621 2067 1683 (s)
2098 1621 2271 1680 suadet,
2290 1634 2341 1671 ut
2354 1635 2431 1686 per
2459 1624 2524 1671 la·

1449 1701 1545 1736 tera
1568 1692 1787 1753 parietum
1819 1692 1946 1737 navis
1973 1691 2231 1752 trajiciatur
2267 1693 2365 1738 axis
2394 1727 2408 1744 ,
2443 1691 2522 1737 ha-

1450 1756 1551 1803 bens
1566 1770 1694 1804 extra
1711 1774 1859 1805 navem
1874 1760 2164 1820 prominentia
2182 1760 2324 1820 capita
2337 1789 2350 1810 ,
2370 1760 2415 1804 in
2431 1773 2521 1821 quae

1445 1823 1722 1872 includuntur
1740 1837 1840 1871 rota
1855 1857 1869 1877 ‚
1891 1827 2004 1872 circa
2024 1825 2188 1883 frontes
2213 1823 2356 1885 affixis
2375 1827 2520 1886 pinnis

1447 1906 1604 1954 aquam
1630 1890 1902 1952 tangentibus
1922 1924 1936 1943 ,
1964 1903 2014 1939 ut
2045 1892 2421 1939 circumvolutione
2440 1891 2519 1949 sua

1444 1959 1634 2005 indicent
1656 1961 1945 2021 quantitatem
1970 1961 2139 2006 itineris
2162 1958 2304 2022 aliquo
2326 1971 2518 2020 tempore

1446 2028 1546 2072 dato
1563 2024 1728 2087 emensi.
1763 2028 1883 2072 Idem
1900 2028 2142 2088 nuperrime
2150 2024 2284 2084 suafit
2302 2026 2372 2072 Cl.
2385 2028 2519 2071 Μει-

1451 2108 1580 2140 ιιυς.
1603 2094 1836 2139 Enimvero
1857 2104 2062 2156 quotquot
2072 2091 2171 2151 fere
2182 2094 2232 2138 de
2254 2098 2370 2138 Arte
2394 2093 2520 2138 navi-

1441 2161 1578 2222 gandi
1595 2159 1759 2222 aliquid
1783 2159 1946 2206 litteris
1961 2160 2189 2222 prodidere
2211 2160 2384 2207 inventi
2407 2159 2521 2206 illim

1447 2227 1686 2274 nullitatem
1706 2224 1987 2281 ostenderunt.

1655 2325 2070 2381 ΡκοΒιεΜΑ
2133 2323 2309 2377 LXX.

1531 2434 1661 2491 354.
1705 2421 1935 2476 Invenire
1958 2418 2339 2495 Longitudinem
2356 2423 2518 2476 maris.

1717 2520 1758 2576 R
1789 2534 1815 2571 ε
1845 2535 1868 2571 s
1896 2536 1931 2571 o
1962 2532 1995 2571 L
2025 2534 2059 2571 υ
2087 2536 2123 2573 τ
2152 2532 2170 2571 1
2202 2532 2260 2572 0.

1529 2614 1580 2669 Si
1600 2613 1892 2689 Horologiis
1915 2613 2135 2686 pendulo
2159 2611 2394 2667 instructis
2411 2626 2522 2664 eam

1452 2691 1804 2766 perfeetionem
1831 2693 2090 2747 conciliare
2113 2692 2281 2746 liceret
2297 2729 2315 2753 ,
2346 2704 2400 2743 ut
2423 2687 2525 2760 agi-

1449 2772 1577 2827 tatio
1613 2771 1751 2827 navis
1781 2771 1939 2826 motui
1974 2772 2078 2841 ejus
2111 2787 2213 2825 non
2251 2765 2472 2823 officeret
2507 2783 2523 2821 ;

1453 2848 1743 2924 Longitudo
1762 2850 1905 2905 maris
1929 2867 2102 2904 eorum
2128 2866 2224 2920 ope
2241 2846 2432 2919 optime
2457 2844 2525 2897 in-

1453 2930 1610 2984 veniri
1626 2944 1823 3002 poterat
1837 2931 1905 3000 (§.
1916 2946 1937 2998 5
1948 2942 1984 2992 7
1996 2928 2036 2998 ).
2054 2925 2298 2998 Equidem
2322 2929 2524 2980 Trono

1457 3025 1527 3065 niz
1569 3012 1765 3063 BRAHE
1820 3009 1910 3081 (t)
1960 3002 2292 3082 Clepsydram
2339 3020 2403 3059 ex
2454 3018 2526 3136 atr-

2372 3095 2530 3154 geno

1506 3214 1564 3264 (s
1583 3212 1600 3262 )
1620 3211 1837 3256 Architest.
1857 3212 1924 3255 lib.
1945 3225 2001 3255 10.
2020 3225 2058 3255 c.
2078 3222 2134 3263 ¹⁴·

1507 3265 1586 3315 (t)
1612 3261 1904 3318 Progymnasm.
1917 3268 2036 3309 Tem.
2049 3268 2081 3308 1.
2097 3275 2136 3307 c.
2154 3274 2191 3306 ι.
2208 3273 2248 3315 p.
2266 3269 2348 3310 149·
