2641 3687
238 148 354 222 Cap.
391 149 466 204 II.
515 149 621 204 DE
661 143 1005 204 IGNIBUS
1045 137 1409 199 BELLICIS
1449 143 1604 201 SEU
1644 145 2004 207 NOCIVIS.

30 289 87 338 2.
116 279 170 332 In
200 277 361 330 aheno
392 295 576 351 cupreo
607 273 859 342 liquefiant
882 271 1004 324 Picis
1028 271 1093 324 ni-

145 373 242 428 grae
281 356 416 408 librae
457 373 492 417 4
537 362 586 410 &
637 349 970 422 Colophoniae
1014 361 1043 405 2
1075 389 1090 412 ‚

146 431 430 486 affundatur
473 435 586 486 Olei
625 433 707 485 lini
741 430 818 482 vel
859 429 1092 482 Terebin-

145 511 290 563 thinae
326 513 450 563 libra
478 529 591 564 una.

30 605 82 658 3,
117 588 248 640 Cum
280 605 453 641 omnes
487 588 698 641 materiae
724 584 879 657 probe
911 580 1089 635 fuerint

140 666 419 718 commixtae
444 703 458 721 ,
503 667 711 718 ahenum
757 663 820 714 ab
859 661 973 732 igne
1014 677 1087 711 re-

140 758 400 796 moveatur
426 780 439 805 ‚
468 749 518 797 ὃ(
557 743 718 795 Pulvis
756 739 924 811 pyrius
950 738 1087 790 tritus

137 818 298 872 eidem
327 822 651 873 immisceatur
667 857 682 882 ‚
712 818 876 870 donec
896 813 1001 868 satis
1019 831 1085 868 te·

137 914 232 948 nax
262 896 466 950 evaserit
491 895 652 950 mass'a.

24 995 75 1042 4.
112 976 298 1028 Lumen
345 977 691 1028 incendiarium
731 974 996 1026 obturetur
1034 976 1085 1025 δε

135 1053 335 1106 Globus
363 1050 515 1124 usque
541 1053 603 1106 ad
628 1050 779 1125 ipsum
805 1052 969 1104 lumen
999 1051 1084 1103 im-

136 1147 386 1200 mergatur
421 1127 592 1184 maffae.

24 1225 74 1279 ς.
102 1209 382 1280 Obtegatur
403 1210 585 1262 circum
615 1208 739 1262 circa
764 1208 901 1281 stupa
926 1211 976 1261 δε
1001 1205 1083 1259 de-

132 1304 234 1340 nuo
275 1288 622 1357 immergatur,
663 1288 824 1339 donec
869 1288 971 1354 ejus
1011 1282 1083 1337 su-

133 1363 351 1437 perficiei
406 1365 677 1435 peripheria
723 1366 889 1418 circuli
943 1360 1083 1436 supra

136 1440 371 1513 descripta
398 1440 720 1515 undiquaque
742 1458 1000 1516 congruat.

316 1542 349 1593 S
375 1555 405 1591 c
436 1555 471 1591 H
500 1559 532 1591 ο
561 1554 593 1593 L
623 1556 640 1593 1
669 1561 700 1593 o
728 1555 785 1595 N.

96 1650 167 1701 56.
205 1641 335 1690 Globi
369 1646 624 1691 incendiarii
657 1645 893 1703 instrviunt
928 1642 1083 1690 cedibus

23 1713 313 1760 incendendis,
351 1726 436 1771 quae
458 1711 667 1768 fiandulis
700 1713 770 1758 vel
790 1711 997 1765 stramine
1022 1725 1083 1758 te-

17 1789 176 1837 guntur
197 1779 267 1828 Θ,
284 1776 320 1835 fi
337 1776 496 1823 letibus
515 1778 729 1831 instrufii,
751 1779 966 1825 hominum
983 1793 1083 1837 quo-

20 1843 292 1907 questragem
308 1846 449 1890 edunt.
488 1849 689 1892 Caeterum
710 1858 788 1907 per
806 1844 850 1902 Je
864 1857 1011 1906 patet,
1035 1848 1080 1891 in

20 1909 269 1968 conficiendo
288 1915 413 1956 Sacco
428 1922 507 1972 pro
532 1910 680 1957 'Globis
700 1914 977 1958 incendiariis
1003 1912 1079 1957 ha-

0 1977 195 2030 lbendam
220 1974 293 2035 effi?
310 1989 400 2023 tam
423 1976 711 2036 funiculorum
727 2011 741 2031 ,
775 1994 900 2041 quam
926 1977 1081 2040 baptist

0 2043 76 2110 imi
103 2046 313 2089 rationem
334 2075 347 2094 ,
384 2059 433 2087 ne
458 2046 663 2091 diameter
694 2046 822 2092 Globi
851 2043 935 2102 fiat
964 2046 1077 2106 justo

0 2111 3 2166 ζ
20 2111 171 2169 major.
195 2112 315 2156 Unde
335 2112 542 2156 diameter
558 2115 771 2159 Mortarii
782 2143 796 2163 ‚
819 2115 932 2158 circa
951 2129 1078 2175 quam

18 2175 266 2235 describitur
301 2176 481 2222 circulus
511 2177 700 2235 (5495
718 2178 768 2236 1)
793 2181 836 2224 in
858 2178 970 2236 usum
987 2179 1078 2238 seg-

18 2257 253 2290 mentorum
300 2242 639 2291 delineandorum
689 2245 893 2307 tantisper
936 2248 1076 2293 immi-

2 2312 191 2358 timenda.

228 2391 659 2444 PRoBLEMA
717 2392 876 2445 XIV.

89 2503 173 2558 57.
227 2489 438 2546 Globum
481 2493 727 2550 Granatis
765 2494 1069 2550 manualibus

21 2572 228 2640 ·epletum
272 2589 551 2642 componere·

270 2676 310 2727 R
342 2691 365 2726 ε
398 2692 418 2727 s
445 2695 480 2729 o
506 2691 537 2729 L
565 2692 601 2729 u
631 2695 664 2730 T
692 2693 710 2731 1
739 2698 788 2733 0.

0 2786 60 2832 [1.
90 2778 165 2830 Ex
207 2775 344 2847 ligno
380 2776 598 2829 Tiliaceo
633 2780 791 2850 probe
823 2781 1064 2835 exsiccato

0 2866 10 2897 ν
122 2870 344 2906 tornetur
381 2857 480 2906 Vas
515 2856 855 2927 Cylindricum
888 2879 1064 2914 cavum
1119 2921 1121 2925 y

1119 3022 1129 3195 l

1124 3254 1131 3298 l

123 2930 314 2984 ABCD
347 2930 554 2985 fundum
596 2930 702 2986 satis
739 2932 939 2990 crass'um
975 2940 1066 2993 EC

125 3008 345 3071 bahem,
378 3014 423 3065 &
470 3011 655 3079 glutine
694 3015 741 3065 in
791 3013 956 3085 spiritu
992 3018 1067 3071 vel

127 3101 270 3137 aceto
295 3087 389 3139 vini
420 3083 579 3139 soluto
599 3127 614 3150 ‚
655 3090 815 3162 aliqua
847 3095 1065 3148 terebin-

125 3163 269 3215 thinae
291 3164 517 3232 poi-tione
541 3167 730 3234 adjecta
748 3207 762 3233 ‚
793 3169 1068 3242 superficies
1123 3194 1130 3253 ξ
1193 3204 1303 3274 24)
1325 3209 1373 3258 &
1401 3208 1573 3264 (nobo
1601 3203 1808 3272 disjffsto
1834 3228 1943 3265 cum
1969 3212 2151 3283 ingenti
2172 3207 2253 3258 ad„

85 3263 252 3335 J'Vbifii
272 3266 410 3339 Oper.
436 3271 691 3326 Mathem.
725 3277 910 3332 Tom.1
931 3281 993 3333 V.

2169 165 2279 221 209

1319 285 1421 322 tam
1456 269 1692 337 interior,
1732 293 1882 346 quam
1927 279 2142 334 exterior
2184 285 2276 338 ali-

1320 348 1517 419 quoties
1550 348 1798 415 illinatur‚
1843 357 2145 431 tandemque
2178 363 2274 418 tela

1322 425 1529 479 crassiori
1553 429 1849 485 obducatur.
1895 435 1968 487 Sit
2000 454 2178 507 nempe
2205 442 2271 494 al-

1327 505 1493 556 titudo
1523 505 1611 558 AB
1647 507 1709 559 ad
1736 507 2029 564 diametrum
2057 518 2186 578 AD,
2215 534 2269 572 ut

1323 599 1349 649 3
1384 579 1444 634 acl
1476 596 1535 644 2,
1563 582 1785 638 craffities
1808 585 1949 643 fundi
1979 597 2037 655 ὲ,
2061 593 2264 651 laterum

1318 678 1440 712 vero
1465 666 1493 728 ξ,-
1525 659 1767 717 diametri.

1201 771 1252 817 2.
1287 763 1343 815 In
1383 761 1502 814 valis
1527 762 1693 817 medio
1720 762 1785 817 ad
1818 765 1951 822 basin
1981 773 2261 829 normaliter

1319 841 1642 894 constituatur
1660 842 1809 897 tubus
1835 845 2024 918 ligneus
2051 850 2127 903 EF
2156 853 2262 905 Pul-

1316 936 1432 971 vere
1463 919 1726 990 granulato
1751 922 1923 990 plenus
1952 929 2001 978 δε
2027 927 2264 999 undiqua-

1316 1014 1416 1067 que
1442 995 1744 1051 foraminulis
1768 999 2022 1071 pertusus,
2052 1021 2138 1076 per
2156 1024 2264 1076 quae

1317 1074 1441 1146 ignis
1485 1075 1878 1146 quaquaversum
1929 1097 2024 1134 una
2072 1078 2266 1156 serpat,

1317 1150 1591 1206 incensione
1625 1152 1764 1208 fadta.

1202 1246 1254 1298 3.
1290 1230 1511 1286 Cavitati
1552 1232 1875 1287 immittantur
1907 1250 2004 1290 tres
2032 1239 2269 1292 Granata-

1315 1327 1422 1361 rum
1448 1311 1807 1365 manuariarum
1828 1310 2000 1378 serieS,
2029 1312 2185 1386 spatiis
2202 1318 2269 1373 in-

1315 1387 1562 1440 termediis
1599 1389 1807 1443 Pulvere
1832 1392 1976 1462 pyrio
2008 1395 2267 1464 granulato

1313 1464 1511 1536 aliaque
1551 1467 1750 1519 materia
1790 1469 2147 1539 Pyrotechnica
2196 1493 2267 1527 re-

1311 1543 1452 1614 pletis
1477 1581 1490 1605 ‚
1537 1559 1591 1596 ut
1633 1562 1846 1616 granatae
1890 1545 1917 1599 e
1949 1548 2039 1601 litu
2078 1546 2164 1603 suo
2199 1551 2267 1605 di-

1312 1621 1502 1674 moveri
1533 1640 1816 1694 nequeant,
1844 1626 2030 1680 etiamst
2061 1628 2266 1683 Globus

1307 1698 1404 1752 huc
1429 1699 1649 1772 illucque
1679 1702 1924 1757 volvatur,

1192 1793 1245 1840 4.
1274 1778 1579 1847 Operculum
1630 1797 1910 1834 convexum
1947 1784 2061 1837 AD
2103 1783 2260 1838 maxi-i

1311 1874 1420 1913 ma,
1449 1874 1546 1924 qua
1572 1855 1674 1909 fieri
1701 1860 1887 1928 potest,
1920 1861 1967 1912 vi
1994 1861 2257 1934 adigatur,

1308 1938 1360 1987 <Sc
1399 1935 1594 2000 majoris
1638 1933 1880 1990 firmitatis
1912 1940 2071 2010 gratia
2105 1942 2257 1995 clavis

1307 2011 1355 2064 in
1379 2010 1425 2063 A
1457 2017 1507 2065 δε
1544 2015 1596 2066 D
1630 2012 1851 2068 firmetur
1876 2054 1892 2078 ‚
1937 2013 2090 2089 spatio
2132 2021 2257 2073 inter

1308 2091 1598 2160 operculum
1644 2097 1694 2146 &
1743 2094 2004 2148 Pulverem
2054 2099 2253 2168 pyrium

1304 2169 1534 2221 ramentis
1558 2169 1806 2240 lignorum
1831 2172 2024 2244 repleto
2050 2177 2099 2228 &
2116 2175 2257 2230 litho-

1304 2245 1432 2299 colla
1456 2244 1720 2316 superfuso·

1194 2339 1239 2394 ς,
1267 2324 1528 2379 Firmitatis
1557 2344 1765 2397 quoque
1782 2326 1943 2400 gratia
1960 2330 2157 2383 Globus
2180 2349 2260 2385 an-

1302 2403 1424 2455 nulis
1447 2402 1614 2457 ferreis
1654 2406 1989 2462 circumdetur
2023 2425 2107 2464 aut
2136 2409 2259 2463 funi-

1302 2480 1420 2534 culis
1448 2480 1830 2555 circumligetur.

1187 2569 1236 2618 6.
1265 2559 1501 2630 Denique
1543 2560 1591 2612 in
1631 2561 1874 2630 operculo
1909 2564 2057 2618 tubus
2089 2564 2252 2618 incen-

1299 2637 1479 2690 diarius
1517 2639 1566 2691 G
1590 2675 1606 2700 ‚
1644 2640 1820 2711 partim
1855 2643 2105 2706 cochleae,
2142 2661 2247 2714 par-

1299 2717 1387 2768 tim
1436 2715 1702 2770 lithocollae
1744 2737 1882 2791 ope,
1928 2719 2143 2774 firmetur
2198 2726 2247 2774 δε

1299 2794 1503 2848 materia
1539 2794 1835 2851 incendiaria
1869 2800 1890 2864 (
1932 2806 1974 2860 §.
2026 2814 2085 2866 51
2125 2797 2245 2866 )re-

1298 2873 1506 2945 pleatur.

1183 2972 1562 3042 Qiamprimum
1599 2971 1722 3042 ignis
1760 2970 1822 3027 ad
1860 2974 2118 3029 Pulverem
2160 2993 2247 3047 py-

1186 3049 1310 3102 rium
1345 3049 1390 3101 in
1434 3053 1562 3105 tubo
1609 3053 1686 3103 ΕΡ
1720 3069 2008 3106 contentum
2059 3052 2201 3124 serpit
2231 3090 2246 3114 ‚

1189 3144 1359 3180 omnes
1389 3130 1618 3183 Granatae
1652 3145 1746 3181 una
1785 3131 2110 3184 incenduntur
2140 3131 2160 3199 (
2204 3137 2249 3190 ς.

1668 3285 1764 3339 Dd
2136 3287 2254 3338 stan-
