2641 3687
140 3066 254 3116 Tab.

136 3134 158 3179 I
171 3136 186 3176 1
201 3139 238 3182 ῐ.

105 3200 232 3261 ffig22
243 3219 278 3256 ιι,

693 140 1350 206 ELEMENTA

284 287 361 339 11.
391 281 438 335 Si
464 279 670 333 Planum
695 279 983 332 inclinatum
1009 278 1097 331 CF
1124 275 1268 329 cadat
1293 274 1361 327 in-

403 375 479 412 ter
510 358 838 412 Horizontale
869 358 967 411 CA
997 360 1047 410 &
1092 354 1359 425 AEquinoc-

404 437 521 491 tiale
547 438 667 499 EC,
695 438 759 489 ita
778 451 832 488 ut
852 435 1061 507 angulus
1086 432 1360 485 inclinatio·

408 515 482 569 nis
512 516 650 569 FCA
685 513 738 567 sit
776 517 935 567 minor
970 512 1251 565 elevatione
1276 511 1360 559 AE-

407 594 632 665 quatoris
659 592 800 647 ECA
819 614 839 649 -;
868 587 1170 644 describatur
1194 591 1361 639 Horo-

408 671 601 743 logium
614 672 941 737 Horizontale
953 667 1014 720 ad
1037 667 1365 720 elevationem

407 751 517 803 Poli
537 789 551 812 ,
569 767 678 821 quae
701 748 751 800 {it
776 749 978 820 aequalis
1002 760 1278 816 aggregato
1300 763 1363 797 ex

404 828 683 881 elevatione
709 827 815 878 Poli
849 826 945 877 loci
969 824 1071 877 dati
1096 827 1144 876 δε
1162 823 1362 878 inclina-

403 907 541 961 tione
570 905 705 959 Plani
732 905 816 973 (§.
844 905 962 974 33).

453 1017 1201 1069 DEMONSTRATIO.

364 1117 618 1190 Qoniam
646 1114 736 1166 EC
745 1113 862 1164 Fcst
885 1112 1097 1165 elevatio
1122 1112 1193 1160 AE‹
1186 1122 1364 1180 quato-

281 1196 342 1250 ris
368 1194 509 1266 super
545 1193 700 1246 Plano
732 1193 821 1245 CF
851 1194 900 1243 δε
941 1190 1151 1260 angulus
1181 1190 1219 1239 E
1259 1205 1362 1240 rec

282 1290 396 1331 tus;
398 1274 514 1326 erit
559 1272 689 1325 CFE
715 1268 910 1340 aequalis
949 1265 1220 1319 elevationi
1257 1265 1361 1317 Dori

284 1349 424 1423 super
448 1349 634 1404 eodem
659 1348 811 1400 Plano
844 1350 932 1401 CF
955 1346 1036 1414 (5-
1062 1359 1160 1404 241
1184 1342 1355 1397 Geom.

284 1430 343 1490 όν
370 1434 418 1489 §-
438 1443 510 1496 97
540 1428 730 1495 Astron.
746 1431 786 1489 ).
873 1426 1066 1477 Eodem
1095 1422 1255 1475 modo
1283 1439 1362 1493 pa-

285 1523 385 1570 tet,
414 1507 746 1560 elevationem
780 1504 885 1556 Poli
913 1499 1054 1575 super
1080 1500 1235 1553 Plano
1262 1501 1363 1554 CA

282 1583 362 1639 seu
387 1586 432 1637 in
461 1585 576 1638 loco
615 1583 736 1635 dato
767 1581 863 1636 effe
886 1581 1127 1653 aequalem
1174 1580 1362 1650 angulo

284 1664 440 1718 CAF.
509 1666 681 1724 Quare
725 1679 835 1714 cum
872 1659 928 1713 lit
967 1660 1097 1714 EFC
1122 1682 1196 1704 Ξ
1224 1659 1363 1712 FAC

283 1743 491 1804 ÷FCA
519 1740 707 1810 (§.239
725 1737 943 1807 Geram->5
977 1737 1008 1791 fi
1035 1740 1122 1792 CF
1146 1734 1363 1790 sumatur

282 1839 378 1892 pro
413 1821 567 1873 Plano
596 1819 911 1871 Horizontali
943 1854 957 1876 ‚
1003 1817 1220 1869 elevatio
1254 1815 1363 1868 Poli

281 1898 411 1952 illius
447 1897 544 1949 loci
578 1896 775 1967 aequalis
802 1896 891 1947 erit
916 1909 1191 1965 aggregato
1216 1912 1278 1946 ex
1310 1911 1362 1945 e-

280 1976 531 2030 levatione
559 1975 663 2027 Poli
692 1974 788 2026 loci
815 1973 915 2026 dati
950 1971 1003 2026 δέ
1032 1973 1356 2026 inclinatione

280 2054 436 2109 Plani.
487 2054 679 2122 Qode.
711 2056 760 2106 d.

613 2159 1050 2208 Senot-„roim

284 171 386 229 172

361 2265 467 2304 ¹07·
511 2250 746 2310 Horologia
767 2252 869 2296 adeo
889 2250 1097 2296 inclinata
1130 2252 1273 2296 eodem
1293 2251 1364 2294 de-

279 2319 524 2378 scribuntur
561 2319 710 2368 modo,
752 2332 832 2372 quo
867 2320 1109 2378 primaria,
1148 2316 1227 2374 nisi
1255 2317 1364 2378 quod

289 2387 428 2433 Index
456 2381 692 2443 infigendus
716 2385 769 2442 fit
812 2386 856 2428 in
884 2383 975 2440 casu
1002 2386 1148 2445 priore
1173 2381 1251 2440 fieb
1290 2398 1366 2427 an-

285 2452 384 2512 gulo
414 2453 550 2496 ADC
576 2471 593 2502 ;
617 2452 664 2496 in
689 2449 912 2508 posteriore
945 2449 1021 2506 sub
1045 2451 1196 2510 angulo
1221 2451 1363 2499 ch,

291 2522 347 2566 Θ
381 2516 583 2570 distantia
617 2519 755 2562 centri
795 2517 1018 2577 Horologii
1057 2517 1082 2562 ἁ
1103 2520 1241 2564 Linea
1270 2532 1367 2561 con-

289 2587 505 2644 tingentfae
541 2581 599 2641 sit
635 2586 679 2629 in
710 2586 850 2645 priori
876 2583 968 2642 casu
1007 2586 1126 2637 DC,
1155 2587 1199 2631 in
1231 2582 1368 2645 poste-

294 2653 404 2698 riori
438 2652 532 2696 FC.

481 2732 903 2782 PROBLEMA
963 2729 1186 2782 XXIII.

376 2844 503 2892 108.
549 2832 817 2907 Horologia
835 2837 1074 2888 reclinata
1093 2833 1365 2901 describere.

564 2945 606 2998 R
636 2961 660 2997 ε
691 2962 712 2996 s
740 2964 774 2997 0
802 2960 832 2996 L
862 2960 895 2996 u
928 2961 960 2995 T
989 2959 1007 2995 1
1037 2961 1088 2996 ο..

287 3053 327 3108 1.
355 3052 405 3107 Si
431 3054 636 3108 Planum
665 3053 953 3108 reclinatum
981 3051 1084 3105 HC
1117 3044 1264 3101 cadat
1296 3045 1368 3096 in-

404 3147 484 3186 ter
511 3133 712 3186 Dlanum
743 3131 972 3183 verticale
995 3131 1090 3184 BC
1112 3131 1161 3180 δε
1193 3123 1368 3176 Polare

404 3211 520 3279 IC,
554 3210 622 3266 ita
681 3224 734 3267 ut
770 3209 982 3284 angulus
1028 3202 1367 3264 reclinationis

1449 139 2242 202 GNoMoNICAE,·

1599 274 1741 328 BCH
1766 269 1820 323 fit
1847 270 2005 325 minor
2033 268 2258 323 distantia
2277 265 2386 321 Poli
2409 265 2436 320 a
2463 271 2549 323 Ze-

1606 351 1711 404 nith
1739 352 1853 406 BCI
1880 372 1894 405 ‚-
1925 348 1971 400 in
2001 365 2063 400 eo
2089 344 2425 401 describantur
2445 349 2549 399 Ho-

1600 428 1793 499 rologia
1835 425 2096 481 Verticalia
2140 424 2466 478 Meridionale
2500 431 2550 479 &

1600 503 1993 577 Septentrionale
2021 501 2086 555 ad
2111 503 2445 556 elevationem
2473 507 2550 555 AE-

1601 584 1825 656 quatoris
1846 621 1859 644 ,
1887 601 1996 654 quae
2026 580 2079 633 fit
2105 581 2303 652 aequalis
2329 579 2554 633 differen-

1608 663 1685 714 tiae
1733 663 1856 713 inter
1901 659 2229 713 elevationem
2273 659 2558 729 AEquatoris

1603 740 1700 792 loci
1738 738 1843 791 dati
1883 742 1929 791 ὃ(
1964 737 2129 810 anguli
2160 736 2509 790 reclinationis·

1487 823 1559 875 11.
1588 819 1637 872 Si
1665 817 1871 869 Planum
1896 817 2185 869 reclinatum
2212 816 2306 868 KC
2326 816 2451 867 inter
2474 818 2566 868 1³0-

1603 897 1702 949 lare
1727 896 1800 948 IC
1835 899 1885 948 δε
1917 892 2244 947 Horizontale
2262 893 2356 947 CL
2385 892 2562 953 cadat,

1605 975 1672 1028 ita
1703 989 1754 1025 ut
1801 973 2010 1045 angulus
2044 970 2378 1024 reclinationis
2422 972 2567 1023 ECK

1604 1052 1662 1106 fit
1706 1051 1863 1118 major
1903 1050 2128 1103 distantia
2174 1048 2278 1101 Poli
2322 1046 2349 1100 a
2387 1048 2565 1101 Zenith

1600 1132 1758 1186 ICB‚·
1806 1130 1851 1181 in
1891 1147 1954 1181 eo
1999 1125 2303 1181 describatur
2343 1126 2566 1178 Horolo-

1602 1213 1740 1281 gium
1761 1207 2089 1260 Horizontale
2126 1205 2187 1258 ad
2233 1204 2567 1258 elevationem

1604 1286 1742 1347 Pori,
1784 1303 1895 1357 quae
1937 1285 1990 1347 fit
2036 1284 2238 1354 aequalis
2279 1281 2564 1336 differentia?

1605 1365 1728 1417 inter
1756 1364 1991 1435 angulum
2032 1361 2362 1415 reclinationis
2391 1364 2441 1414 δε
2467 1363 2566 1414 ele-

1605 1444 1864 1497 vationem
1895 1440 2180 1513 AEquatoris
2205 1440 2250 1493 in
2277 1440 2396 1494 loco
2421 1438 2561 1493 dato,

1673 1541 2393 1593 DEMONSTRATIO.

1566 1640 1820 1706 Quoniam
1859 1641 1976 1694 ICL
2012 1640 2078 1693 est
2107 1636 2326 1693 elevatio
2372 1636 2478 1689 Poli
2518 1635 2564 1688 in

1489 1718 1605 1771 loco
1632 1719 1752 1770 dato
1772 1757 1786 1780 ,
1830 1722 1879 1771 δε
1904 1723 1940 1771 Β
1972 1720 2077 1784 ejufi
2105 1716 2307 1780 Zenith,
2336 1715 2428 1768 erit
2454 1715 2568 1768 ICB

1489 1797 1712 1849 distantia
1749 1798 1853 1849 Doli
1879 1794 1907 1849 a
1947 1796 2123 1849 Zenith
2167 1795 2216 1848 in
2264 1794 2381 1847 loco
2423 1793 2567 1847 dato·

1425 1860 1433 1964 ξ
1490 1874 1588 1929 Sed
1618 1873 1648 1926 si
1672 1876 1772 1928 HC
1802 1872 2012 1927 sumatur
2039 1893 2130 1945 pro
2159 1874 2314 1926 Plano
2349 1873 2567 1925 Vertica-

1490 1953 1553 2015 li,
1587 1954 1651 2005 ira
1682 1969 1731 2005 ut
1757 1957 1805 2005 H
1837 1952 1889 2005 fit
1923 1953 2096 2006 Zenith
2128 1977 2140 2013 ς
2176 1951 2267 2004 erit
2308 1952 2433 2003 ICH
2457 1950 2566 2002 Poli

1432 2076 1435 2089 ,
1489 2029 1518 2083 a
1543 2031 1718 2084 Zenith
1735 2031 1979 2084 distantia,
2070 2035 2204 2102 Ergo
2230 2029 2453 2082 distantia
2475 2032 2567 2081 1³0-

1426 2102 1435 2179 ll
1492 2110 1523 2162 li
1555 2111 1575 2161 1
1605 2127 1631 2161 a
1655 2111 1833 2162 Zenith
1871 2113 1917 2163 H
1948 2110 2013 2162 est
2045 2108 2242 2180 aequalis
2280 2106 2566 2160 differentiae

1426 2175 1436 2341 ξ
1493 2189 1618 2240 inter
1653 2188 1928 2241 distantiam
1960 2186 2110 2240 Poli
2089 2207 2117 2240 a
2147 2185 2435 2240 Zenithloci
2461 2182 2568 2237 dati

1492 2271 1530 2320 Β
1557 2271 1605 2320 3(
1635 2268 1782 2337 angui
1792 2286 1870 2319 um
1893 2265 2221 2319 reclinationis
2255 2266 2423 2326 ΗΕΒ,
2451 2281 2566 2316 con-

1428 2383 1435 2404 f,
1494 2342 1753 2417 sequenter
1795 2363 1906 2397 cum
1942 2344 2158 2398 elevatio
2194 2343 2480 2414 AEquatoris
2515 2339 2568 2394 fit

1494 2424 1694 2497 aequalis
1722 2423 1829 2476 Poli
1861 2442 1888 2475 a
1925 2424 2103 2477 Zenith
2143 2421 2379 2475 distantiae
2413 2421 2566 2488 (§.97

1495 2499 1716 2571 Astron.)
1736 2539 1749 2560 ,
1780 2500 2066 2556 differentiae
2098 2503 2221 2555 inter
2241 2500 2568 2553 elevationem

1495 2580 1774 2652 AEquatoris
1813 2580 1909 2633 loci
1944 2581 2045 2633 dati
2074 2585 2124 2635 &
2156 2577 2393 2650 angulum
2429 2575 2572 2632 recli-

1497 2659 1723 2713 nationis.
1770 2659 1909 2728 Qod
1926 2677 2028 2713 erat
2053 2679 2223 2713 unum.

1575 2737 1806 2790 Similiter
1842 2737 1872 2790 fi
1906 2739 2002 2792 KC
2031 2734 2250 2790 sumatur
2283 2753 2376 2806 pro
2413 2734 2576 2788 Plano

1495 2815 1811 2870 Horizontali
1832 2853 1848 2878 ,
1876 2816 1965 2868 erit
1991 2818 2110 2869 ICK
2136 2814 2345 2869 elevatio
2371 2813 2477 2868 Poli
2503 2808 2569 2864 su-

1496 2914 1582 2968 per
1616 2894 1828 2948 eodem:
1867 2912 1975 2964 quae
2008 2894 2138 2947 adeo
2174 2892 2462 2964 relinquitur
2484 2929 2498 2953 ‚
2536 2887 2569 2942 fi

1491 2974 1727 3045 angulum
1762 2973 1898 3026 ICB
1920 3011 1936 3035 ,
1979 2972 2077 3026 hoc
2107 2973 2204 3035 est,
2239 2970 2568 3025 elevationem

1494 3051 1776 3124 AEquatoris
1812 3050 1858 3102 in
1895 3052 2010 3105 loco
2052 3048 2172 3106 dato
2197 3048 2322 3122 (per
2361 3046 2569 3111 demens-⁸

1495 3136 1692 3194 trata),
1726 3130 1788 3182 ab
1824 3130 2010 3203 angulo
2050 3127 2380 3184 reclinationis
2411 3127 2576 3181 KCB

1496 3208 1764 3267 subtrahaS.
1801 3208 1946 3280 ,Quod
1965 3225 2073 3271 erat
2095 3212 2323 3272 alterum.
2410 3284 2449 3338 P
2556 3284 2559 3285 ⁷

2465 3295 2571 3335 Ro»
