<?xml version="1.0" encoding="UTF-8"?>
<!DOCTYPE html PUBLIC "-//W3C//DTD XHTML 1.0 Transitional//EN"
    "http://www.w3.org/TR/xhtml1/DTD/xhtml1-transitional.dtd">
<html xmlns="http://www.w3.org/1999/xhtml" xml:lang="en" lang="en">
 <head>
  <title>
</title>
<meta http-equiv="Content-Type" content="text/html;charset=utf-8" />
  <meta name='ocr-system' content='tesseract 3.04.00' />
  <meta name='ocr-capabilities' content='ocr_page ocr_carea ocr_par ocr_line ocrx_word'/>
</head>
<body>
  <div class='ocr_page' id='page_1' title='image "./elementamatheseo04wolf_0010.png"; bbox 0 0 2610 3687; ppageno 0'>
   <div class='ocr_carea' id='block_1_1' title="bbox 162 143 1825 223">
    <p class='ocr_par' dir='ltr' id='par_1_1' title="bbox 162 143 1825 223">
     <span class='ocr_line' id='line_1_1' title="bbox 162 143 1825 223; baseline 0.003 -7"><span class='ocrx_word' id='word_1_1' title='bbox 162 149 259 223; x_wconf 55' lang='lat' dir='ltr'><strong>ff</strong></span> <span class='ocrx_word' id='word_1_2' title='bbox 836 143 1825 221; x_wconf 80' lang='lat' dir='ltr'><em>PRAEFATIO.</em></span> 
     </span>
    </p>
   </div>
   <div class='ocr_carea' id='block_1_2' title="bbox 114 300 2472 3172">
    <p class='ocr_par' dir='ltr' id='par_1_2' title="bbox 114 300 2472 3172">
     <span class='ocr_line' id='line_1_2' title="bbox 166 300 2472 402; baseline 0.004 -33"><span class='ocrx_word' id='word_1_3' title='bbox 166 300 615 394; x_wconf 52' lang='lat' dir='ltr'>superstructa,</span> <span class='ocrx_word' id='word_1_4' title='bbox 669 303 740 372; x_wconf 70' lang='grc' dir='ltr'>ὃ(</span> <span class='ocrx_word' id='word_1_5' title='bbox 782 306 894 372; x_wconf 87' lang='lat' dir='ltr'>Ars</span> <span class='ocrx_word' id='word_1_6' title='bbox 933 303 1276 402; x_wconf 78' lang='lat' dir='ltr'>navigandi</span> <span class='ocrx_word' id='word_1_7' title='bbox 1304 357 1320 382; x_wconf 91' lang='lat'>‚</span> <span class='ocrx_word' id='word_1_8' title='bbox 1377 332 1518 402; x_wconf 79' lang='lat' dir='ltr'>quae</span> <span class='ocrx_word' id='word_1_9' title='bbox 1568 306 1633 376; x_wconf 90' lang='lat' dir='ltr'>in</span> <span class='ocrx_word' id='word_1_10' title='bbox 1685 304 1913 376; x_wconf 89' lang='lat' dir='ltr'>eadem</span> <span class='ocrx_word' id='word_1_11' title='bbox 1958 302 2226 376; x_wconf 84' lang='lat' dir='ltr'>docetur</span> <span class='ocrx_word' id='word_1_12' title='bbox 2255 357 2271 383; x_wconf 90' lang='lat'><strong>,</strong></span> <span class='ocrx_word' id='word_1_13' title='bbox 2329 300 2472 378; x_wconf 59' lang='lat' dir='ltr'>tota</span> 
     </span>
     <span class='ocr_line' id='line_1_3' title="bbox 166 405 2470 504; baseline 0.004 -34"><span class='ocrx_word' id='word_1_14' title='bbox 166 426 406 497; x_wconf 85' lang='lat' dir='ltr'>quanta</span> <span class='ocrx_word' id='word_1_15' title='bbox 457 405 538 475; x_wconf 90' lang='lat' dir='ltr'>ab</span> <span class='ocrx_word' id='word_1_16' title='bbox 580 405 799 474; x_wconf 86' lang='lat' dir='ltr'>iisdem</span> <span class='ocrx_word' id='word_1_17' title='bbox 842 406 1074 501; x_wconf 86' lang='lat' dir='ltr'>pendet</span> <span class='ocrx_word' id='word_1_18' title='bbox 1100 460 1116 484; x_wconf 91' lang='lat'>‚</span> <span class='ocrx_word' id='word_1_19' title='bbox 1176 430 1278 483; x_wconf 91' lang='lat' dir='ltr'>ut,</span> <span class='ocrx_word' id='word_1_20' title='bbox 1332 408 1443 504; x_wconf 86' lang='lat' dir='ltr'>qui</span> <span class='ocrx_word' id='word_1_21' title='bbox 1479 408 1558 478; x_wconf 90' lang='lat' dir='ltr'>de</span> <span class='ocrx_word' id='word_1_22' title='bbox 1601 436 1671 481; x_wconf 89' lang='lat' dir='ltr'>ea</span> <span class='ocrx_word' id='word_1_23' title='bbox 1713 409 1871 479; x_wconf 88' lang='lat' dir='ltr'>alios</span> <span class='ocrx_word' id='word_1_24' title='bbox 1910 408 2203 478; x_wconf 86' lang='lat' dir='ltr'>instruere</span> <span class='ocrx_word' id='word_1_25' title='bbox 2242 408 2470 482; x_wconf 84' lang='lat' dir='ltr'>volue-</span> 
     </span>
     <span class='ocr_line' id='line_1_4' title="bbox 165 505 2470 609; baseline 0.005 -35"><span class='ocrx_word' id='word_1_26' title='bbox 165 505 294 574; x_wconf 91' lang='lat' dir='ltr'>rint</span> <span class='ocrx_word' id='word_1_27' title='bbox 320 558 336 581; x_wconf 87' lang='lat'><em>‚</em></span> <span class='ocrx_word' id='word_1_28' title='bbox 387 508 817 580; x_wconf 83' lang='lat' dir='ltr'>Arithmeticae</span> <span class='ocrx_word' id='word_1_29' title='bbox 844 561 858 584; x_wconf 82' lang='lat'>‚</span> <span class='ocrx_word' id='word_1_30' title='bbox 901 510 1322 586; x_wconf 81' lang='lat' dir='ltr'>Geometriae‚</span> <span class='ocrx_word' id='word_1_31' title='bbox 1369 511 1921 609; x_wconf 77' lang='lat' dir='ltr'>Trigonometriae</span> <span class='ocrx_word' id='word_1_32' title='bbox 1975 509 2297 607; x_wconf 85' lang='lat' dir='ltr'>utriusque</span> <span class='ocrx_word' id='word_1_33' title='bbox 2336 512 2470 585; x_wconf 83' lang='lat' dir='ltr'>Ele-</span> 
     </span>
     <span class='ocr_line' id='line_1_5' title="bbox 161 610 2468 715; baseline 0.003 -36"><span class='ocrx_word' id='word_1_34' title='bbox 161 631 383 680; x_wconf 84' lang='lat' dir='ltr'>menta</span> <span class='ocrx_word' id='word_1_35' title='bbox 431 638 586 681; x_wconf 88' lang='lat' dir='ltr'>cum</span> <span class='ocrx_word' id='word_1_36' title='bbox 617 610 930 706; x_wconf 80' lang='lat' dir='ltr'>principiis</span> <span class='ocrx_word' id='word_1_37' title='bbox 976 612 1398 683; x_wconf 80' lang='lat' dir='ltr'>Astronomiae</span> <span class='ocrx_word' id='word_1_38' title='bbox 1441 619 1511 684; x_wconf 70' lang='grc' dir='ltr'>δε</span> <span class='ocrx_word' id='word_1_39' title='bbox 1552 614 1973 715; x_wconf 80' lang='lat' dir='ltr'>Geographiae</span> <span class='ocrx_word' id='word_1_40' title='bbox 2011 638 2123 683; x_wconf 90' lang='lat' dir='ltr'>eos</span> <span class='ocrx_word' id='word_1_41' title='bbox 2169 639 2314 686; x_wconf 91' lang='lat' dir='ltr'>ante</span> <span class='ocrx_word' id='word_1_42' title='bbox 2353 616 2468 686; x_wconf 88' lang='lat' dir='ltr'>do-</span> 
     </span>
     <span class='ocr_line' id='line_1_6' title="bbox 160 715 2472 816; baseline 0.004 -37"><span class='ocrx_word' id='word_1_43' title='bbox 160 734 299 779; x_wconf 92' lang='lat' dir='ltr'>cere</span> <span class='ocrx_word' id='word_1_44' title='bbox 339 735 693 785; x_wconf 86' lang='lat' dir='ltr'>teneantur.</span> <span class='ocrx_word' id='word_1_45' title='bbox 804 720 1019 809; x_wconf 84' lang='lat' dir='ltr'>Atque</span> <span class='ocrx_word' id='word_1_46' title='bbox 1057 741 1128 785; x_wconf 88' lang='lat' dir='ltr'>ea</span> <span class='ocrx_word' id='word_1_47' title='bbox 1171 716 1329 785; x_wconf 86' lang='lat' dir='ltr'>ratio</span> <span class='ocrx_word' id='word_1_48' title='bbox 1362 719 1482 792; x_wconf 88' lang='lat' dir='ltr'>est,</span> <span class='ocrx_word' id='word_1_49' title='bbox 1531 745 1644 789; x_wconf 86' lang='lat' dir='ltr'>cur</span> <span class='ocrx_word' id='word_1_50' title='bbox 1683 715 2091 816; x_wconf 80' lang='lat' dir='ltr'>Geographia</span> <span class='ocrx_word' id='word_1_51' title='bbox 2141 744 2293 789; x_wconf 91' lang='lat' dir='ltr'>cum</span> <span class='ocrx_word' id='word_1_52' title='bbox 2335 725 2472 815; x_wconf 84' lang='lat' dir='ltr'>Hy-</span> 
     </span>
     <span class='ocr_line' id='line_1_7' title="bbox 159 813 2468 916; baseline 0.005 -36"><span class='ocrx_word' id='word_1_53' title='bbox 159 813 544 911; x_wconf 80' lang='lat' dir='ltr'>drographia</span> <span class='ocrx_word' id='word_1_54' title='bbox 577 815 785 886; x_wconf 86' lang='lat' dir='ltr'>alium</span> <span class='ocrx_word' id='word_1_55' title='bbox 825 816 1051 887; x_wconf 86' lang='lat' dir='ltr'>locum</span> <span class='ocrx_word' id='word_1_56' title='bbox 1098 817 1163 887; x_wconf 89' lang='lat' dir='ltr'>in</span> <span class='ocrx_word' id='word_1_57' title='bbox 1193 815 1535 889; x_wconf 89' lang='lat' dir='ltr'>Elementis</span> <span class='ocrx_word' id='word_1_58' title='bbox 1567 821 1789 891; x_wconf 87' lang='lat' dir='ltr'>nostris</span> <span class='ocrx_word' id='word_1_59' title='bbox 1822 845 2033 891; x_wconf 88' lang='lat' dir='ltr'>tenere</span> <span class='ocrx_word' id='word_1_60' title='bbox 2072 845 2208 890; x_wconf 90' lang='lat' dir='ltr'>non</span> <span class='ocrx_word' id='word_1_61' title='bbox 2236 846 2468 916; x_wconf 73' lang='lat' dir='ltr'>potue&lt;</span> 
     </span>
     <span class='ocr_line' id='line_1_8' title="bbox 158 913 2466 1017; baseline 0.005 -33"><span class='ocrx_word' id='word_1_62' title='bbox 158 913 236 985; x_wconf 87' lang='lat' dir='ltr'>rit</span> <span class='ocrx_word' id='word_1_63' title='bbox 268 967 285 993; x_wconf 86' lang='lat'>‚</span> <span class='ocrx_word' id='word_1_64' title='bbox 327 918 437 988; x_wconf 81' lang='lat' dir='ltr'>nili</span> <span class='ocrx_word' id='word_1_65' title='bbox 486 917 568 989; x_wconf 89' lang='lat' dir='ltr'>ab</span> <span class='ocrx_word' id='word_1_66' title='bbox 606 918 1017 990; x_wconf 87' lang='lat' dir='ltr'>Astronomia</span> <span class='ocrx_word' id='word_1_67' title='bbox 1045 972 1061 997; x_wconf 85' lang='lat'><em>,</em></span> <span class='ocrx_word' id='word_1_68' title='bbox 1103 927 1452 1017; x_wconf 83' lang='lat' dir='ltr'>postquam</span> <span class='ocrx_word' id='word_1_69' title='bbox 1491 923 1553 994; x_wconf 87' lang='lat' dir='ltr'>id</span> <span class='ocrx_word' id='word_1_70' title='bbox 1585 923 1823 994; x_wconf 76' lang='lat' dir='ltr'>consilii</span> <span class='ocrx_word' id='word_1_71' title='bbox 1863 922 2178 1017; x_wconf 84' lang='lat' dir='ltr'>coepimus</span> <span class='ocrx_word' id='word_1_72' title='bbox 2205 977 2221 1001; x_wconf 91' lang='lat'>‚</span> <span class='ocrx_word' id='word_1_73' title='bbox 2264 948 2336 994; x_wconf 92' lang='lat' dir='ltr'>ut</span> <span class='ocrx_word' id='word_1_74' title='bbox 2374 923 2466 995; x_wconf 89' lang='lat' dir='ltr'>nil</span> 
     </span>
     <span class='ocr_line' id='line_1_9' title="bbox 155 1018 2456 1125; baseline 0.004 -38"><span class='ocrx_word' id='word_1_75' title='bbox 155 1018 477 1101; x_wconf 82' lang='lat' dir='ltr'>tradatur,</span> <span class='ocrx_word' id='word_1_76' title='bbox 522 1022 633 1091; x_wconf 75' lang='lat' dir='ltr'>nisi</span> <span class='ocrx_word' id='word_1_77' title='bbox 690 1020 872 1118; x_wconf 85' lang='lat' dir='ltr'>quod</span> <span class='ocrx_word' id='word_1_78' title='bbox 936 1047 1010 1092; x_wconf 84' lang='lat' dir='ltr'>ex</span> <span class='ocrx_word' id='word_1_79' title='bbox 1053 1023 1473 1096; x_wconf 81' lang='lat' dir='ltr'>anterioribus</span> <span class='ocrx_word' id='word_1_80' title='bbox 1531 1028 1731 1125; x_wconf 79' lang='lat' dir='ltr'><strong>rigide</strong></span> <span class='ocrx_word' id='word_1_81' title='bbox 1793 1024 2208 1097; x_wconf 86' lang='lat' dir='ltr'>demonstrari</span> <span class='ocrx_word' id='word_1_82' title='bbox 2254 1029 2456 1121; x_wconf 81' lang='lat' dir='ltr'>possit.</span> 
     </span>
     <span class='ocr_line' id='line_1_10' title="bbox 155 1117 2461 1226; baseline 0.005 -35"><span class='ocrx_word' id='word_1_83' title='bbox 155 1117 610 1221; x_wconf 77' lang='lat' dir='ltr'>Chronologia</span> <span class='ocrx_word' id='word_1_84' title='bbox 650 1151 724 1195; x_wconf 77' lang='lat' dir='ltr'>ex</span> <span class='ocrx_word' id='word_1_85' title='bbox 771 1125 1182 1196; x_wconf 86' lang='lat' dir='ltr'>Astronomia</span> <span class='ocrx_word' id='word_1_86' title='bbox 1218 1151 1530 1226; x_wconf 81' lang='lat' dir='ltr'>tanquam</span> <span class='ocrx_word' id='word_1_87' title='bbox 1568 1130 1806 1204; x_wconf 88' lang='lat' dir='ltr'>rivulus</span> <span class='ocrx_word' id='word_1_88' title='bbox 1859 1155 1933 1200; x_wconf 85' lang='lat' dir='ltr'>ex</span> <span class='ocrx_word' id='word_1_89' title='bbox 1968 1129 2173 1200; x_wconf 31' lang='lat' dir='ltr'>*fonte</span> <span class='ocrx_word' id='word_1_90' title='bbox 2223 1129 2461 1202; x_wconf 86' lang='lat' dir='ltr'>deriva-</span> 
     </span>
     <span class='ocr_line' id='line_1_11' title="bbox 158 1228 2455 1324; baseline 0.005 -31"><span class='ocrx_word' id='word_1_91' title='bbox 158 1246 263 1294; x_wconf 88' lang='lat' dir='ltr'>tur</span> <span class='ocrx_word' id='word_1_92' title='bbox 289 1279 306 1304; x_wconf 88' lang='lat'>‚</span> <span class='ocrx_word' id='word_1_93' title='bbox 355 1249 427 1296; x_wconf 90' lang='lat' dir='ltr'>ut</span> <span class='ocrx_word' id='word_1_94' title='bbox 469 1228 635 1298; x_wconf 85' lang='lat' dir='ltr'>adeo</span> <span class='ocrx_word' id='word_1_95' title='bbox 687 1252 982 1322; x_wconf 84' lang='lat' dir='ltr'>tempora</span> <span class='ocrx_word' id='word_1_96' title='bbox 1018 1228 1085 1298; x_wconf 89' lang='lat' dir='ltr'>in</span> <span class='ocrx_word' id='word_1_97' title='bbox 1127 1231 1310 1301; x_wconf 83' lang='lat' dir='ltr'>usum</span> <span class='ocrx_word' id='word_1_98' title='bbox 1350 1230 1605 1303; x_wconf 87' lang='lat' dir='ltr'>civilem</span> <span class='ocrx_word' id='word_1_99' title='bbox 1653 1260 1854 1304; x_wconf 91' lang='lat' dir='ltr'>nemo</span> <span class='ocrx_word' id='word_1_100' title='bbox 1897 1231 2187 1306; x_wconf 90' lang='lat' dir='ltr'>ordinare</span> <span class='ocrx_word' id='word_1_101' title='bbox 2228 1234 2412 1324; x_wconf 83' lang='lat' dir='ltr'>poffit</span> <span class='ocrx_word' id='word_1_102' title='bbox 2438 1286 2455 1311; x_wconf 89' lang='lat'>‚</span> 
     </span>
     <span class='ocr_line' id='line_1_12' title="bbox 158 1327 2455 1409; baseline 0.005 -12"><span class='ocrx_word' id='word_1_103' title='bbox 158 1327 271 1397; x_wconf 84' lang='lat' dir='ltr'>nisi</span> <span class='ocrx_word' id='word_1_104' title='bbox 313 1331 760 1401; x_wconf 80' lang='lat' dir='ltr'>AstronomuS.</span> <span class='ocrx_word' id='word_1_105' title='bbox 877 1330 1193 1403; x_wconf 81' lang='lat' dir='ltr'>Habenda</span> <span class='ocrx_word' id='word_1_106' title='bbox 1237 1359 1389 1404; x_wconf 87' lang='lat' dir='ltr'>vero</span> <span class='ocrx_word' id='word_1_107' title='bbox 1432 1335 1627 1409; x_wconf 86' lang='lat' dir='ltr'>etiam</span> <span class='ocrx_word' id='word_1_108' title='bbox 1667 1337 1733 1406; x_wconf 92' lang='lat' dir='ltr'>in</span> <span class='ocrx_word' id='word_1_109' title='bbox 1782 1334 2109 1407; x_wconf 85' lang='lat' dir='ltr'>nonnullis</span> <span class='ocrx_word' id='word_1_110' title='bbox 2162 1337 2322 1409; x_wconf 89' lang='lat' dir='ltr'>ratio</span> <span class='ocrx_word' id='word_1_111' title='bbox 2369 1339 2455 1408; x_wconf 86' lang='lat' dir='ltr'>est</span> 
     </span>
     <span class='ocr_line' id='line_1_13' title="bbox 160 1435 2458 1539; baseline 0.005 -40"><span class='ocrx_word' id='word_1_112' title='bbox 160 1455 436 1510; x_wconf 90' lang='lat' dir='ltr'>eorum,</span> <span class='ocrx_word' id='word_1_113' title='bbox 492 1462 633 1532; x_wconf 80' lang='lat' dir='ltr'>quae</span> <span class='ocrx_word' id='word_1_114' title='bbox 681 1435 746 1506; x_wconf 92' lang='lat' dir='ltr'>in</span> <span class='ocrx_word' id='word_1_115' title='bbox 801 1435 1210 1534; x_wconf 79' lang='lat' dir='ltr'>Geograpliia</span> <span class='ocrx_word' id='word_1_116' title='bbox 1265 1436 1343 1509; x_wconf 90' lang='lat' dir='ltr'>de</span> <span class='ocrx_word' id='word_1_117' title='bbox 1389 1439 1645 1510; x_wconf 81' lang='lat' dir='ltr'>Tellure</span> <span class='ocrx_word' id='word_1_118' title='bbox 1696 1438 2227 1512; x_wconf 85' lang='lat' dir='ltr'>demonstrantur.</span> <span class='ocrx_word' id='word_1_119' title='bbox 2308 1447 2458 1539; x_wconf 86' lang='lat' dir='ltr'>Jure</span> 
     </span>
     <span class='ocr_line' id='line_1_14' title="bbox 158 1532 2464 1642; baseline 0.005 -40"><span class='ocrx_word' id='word_1_120' title='bbox 158 1532 353 1632; x_wconf 85' lang='lat' dir='ltr'>igitur</span> <span class='ocrx_word' id='word_1_121' title='bbox 397 1535 622 1607; x_wconf 89' lang='lat' dir='ltr'>locum</span> <span class='ocrx_word' id='word_1_122' title='bbox 673 1539 858 1612; x_wconf 86' lang='lat' dir='ltr'>suum</span> <span class='ocrx_word' id='word_1_123' title='bbox 909 1545 978 1610; x_wconf 89' lang='lat' dir='ltr'>in</span> <span class='ocrx_word' id='word_1_124' title='bbox 1007 1539 1279 1612; x_wconf 84' lang='lat' dir='ltr'>Mathefi</span> <span class='ocrx_word' id='word_1_125' title='bbox 1334 1564 1544 1613; x_wconf 90' lang='lat' dir='ltr'>tuetur</span> <span class='ocrx_word' id='word_1_126' title='bbox 1584 1549 1655 1616; x_wconf 68' lang='grc' dir='ltr'>ὃς</span> <span class='ocrx_word' id='word_1_127' title='bbox 1712 1541 1747 1616; x_wconf 75' lang='lat' dir='ltr'>a</span> <span class='ocrx_word' id='word_1_128' title='bbox 1803 1544 2208 1642; x_wconf 83' lang='lat' dir='ltr'>Geographia</span> <span class='ocrx_word' id='word_1_129' title='bbox 2259 1542 2464 1640; x_wconf 82' lang='lat' dir='ltr'>proxi-</span> 
     </span>
     <span class='ocr_line' id='line_1_15' title="bbox 114 1643 2465 1743; baseline 0.004 -37"><span class='ocrx_word' id='word_1_130' title='bbox 114 1720 117 1722; x_wconf 26' lang='lat'><em>,</em></span> <span class='ocrx_word' id='word_1_131' title='bbox 154 1660 348 1707; x_wconf 86' lang='lat' dir='ltr'>mum</span> <span class='ocrx_word' id='word_1_132' title='bbox 390 1665 681 1735; x_wconf 79' lang='lat' dir='ltr'>occupat.</span> <span class='ocrx_word' id='word_1_133' title='bbox 796 1643 1217 1717; x_wconf 83' lang='lat' dir='ltr'>Gnomonica</span> <span class='ocrx_word' id='word_1_134' title='bbox 1271 1643 1548 1743; x_wconf 84' lang='lat' dir='ltr'>denique</span> <span class='ocrx_word' id='word_1_135' title='bbox 1589 1673 1664 1717; x_wconf 88' lang='lat' dir='ltr'>ex</span> <span class='ocrx_word' id='word_1_136' title='bbox 1705 1646 2019 1741; x_wconf 83' lang='lat' dir='ltr'>principiis</span> <span class='ocrx_word' id='word_1_137' title='bbox 2067 1647 2465 1719; x_wconf 85' lang='lat' dir='ltr'>Astronomi-</span> 
     </span>
     <span class='ocr_line' id='line_1_16' title="bbox 155 1739 2467 1846; baseline 0.004 -34"><span class='ocrx_word' id='word_1_138' title='bbox 155 1739 242 1812; x_wconf 91' lang='lat' dir='ltr'>cis</span> <span class='ocrx_word' id='word_1_139' title='bbox 274 1795 289 1818; x_wconf 91' lang='lat'>‚</span> <span class='ocrx_word' id='word_1_140' title='bbox 330 1744 789 1841; x_wconf 80' lang='lat' dir='ltr'>Geograpbicis</span> <span class='ocrx_word' id='word_1_141' title='bbox 829 1753 899 1820; x_wconf 73' lang='grc' dir='ltr'>δε</span> <span class='ocrx_word' id='word_1_142' title='bbox 944 1747 1450 1846; x_wconf 82' lang='lat' dir='ltr'>Chronologicis</span> <span class='ocrx_word' id='word_1_143' title='bbox 1494 1749 1677 1822; x_wconf 87' lang='lat' dir='ltr'>unice</span> <span class='ocrx_word' id='word_1_144' title='bbox 1731 1749 2049 1820; x_wconf 86' lang='lat' dir='ltr'>derivatur</span> <span class='ocrx_word' id='word_1_145' title='bbox 2093 1755 2166 1821; x_wconf 63' lang='grc' dir='ltr'>ὃς</span> <span class='ocrx_word' id='word_1_146' title='bbox 2204 1749 2467 1822; x_wconf 86' lang='lat' dir='ltr'>Mathe-</span> 
     </span>
     <span class='ocr_line' id='line_1_17' title="bbox 153 1843 2466 1952; baseline 0.005 -38"><span class='ocrx_word' id='word_1_147' title='bbox 153 1843 422 1915; x_wconf 83' lang='lat' dir='ltr'>maticas</span> <span class='ocrx_word' id='word_1_148' title='bbox 471 1846 755 1923; x_wconf 83' lang='lat' dir='ltr'>admittit</span> <span class='ocrx_word' id='word_1_149' title='bbox 795 1851 1410 1929; x_wconf 85' lang='lat' dir='ltr'>demonstrationes,</span> <span class='ocrx_word' id='word_1_150' title='bbox 1459 1880 1532 1925; x_wconf 90' lang='lat' dir='ltr'>ac</span> <span class='ocrx_word' id='word_1_151' title='bbox 1571 1854 1721 1925; x_wconf 89' lang='lat' dir='ltr'>ideo</span> <span class='ocrx_word' id='word_1_152' title='bbox 1762 1855 1902 1948; x_wconf 92' lang='lat' dir='ltr'>post</span> <span class='ocrx_word' id='word_1_153' title='bbox 1936 1852 2466 1952; x_wconf 81' lang='lat' dir='ltr'>Chronologiam</span> 
     </span>
     <span class='ocr_line' id='line_1_18' title="bbox 150 1946 2466 2055; baseline 0.004 -39"><span class='ocrx_word' id='word_1_154' title='bbox 150 1946 221 2016; x_wconf 86' lang='lat' dir='ltr'>in</span> <span class='ocrx_word' id='word_1_155' title='bbox 259 1949 534 2019; x_wconf 78' lang='lat' dir='ltr'>Matliefi</span> <span class='ocrx_word' id='word_1_156' title='bbox 572 1951 794 2025; x_wconf 86' lang='lat' dir='ltr'>locum</span> <span class='ocrx_word' id='word_1_157' title='bbox 832 1954 943 2026; x_wconf 81' lang='lat' dir='ltr'>fibi</span> <span class='ocrx_word' id='word_1_158' title='bbox 986 1955 1280 2027; x_wconf 84' lang='lat' dir='ltr'>vindicat.</span> <span class='ocrx_word' id='word_1_159' title='bbox 1393 1956 1712 2055; x_wconf 82' lang='lat' dir='ltr'>Equidem</span> <span class='ocrx_word' id='word_1_160' title='bbox 1758 1982 1893 2026; x_wconf 91' lang='lat' dir='ltr'>non</span> <span class='ocrx_word' id='word_1_161' title='bbox 1941 1955 2177 2055; x_wconf 80' lang='lat' dir='ltr'>ignoro</span> <span class='ocrx_word' id='word_1_162' title='bbox 2212 1963 2466 2030; x_wconf 86' lang='lat' dir='ltr'>Veteres</span> 
     </span>
     <span class='ocr_line' id='line_1_19' title="bbox 153 2052 2466 2157; baseline 0.004 -35"><span class='ocrx_word' id='word_1_163' title='bbox 153 2052 672 2148; x_wconf 81' lang='lat' dir='ltr'>Geographiam,</span> <span class='ocrx_word' id='word_1_164' title='bbox 713 2056 1245 2157; x_wconf 78' lang='lat' dir='ltr'>Chronologiam</span> <span class='ocrx_word' id='word_1_165' title='bbox 1292 2067 1360 2133; x_wconf 72' lang='lat' dir='ltr'>&lt;Sc</span> <span class='ocrx_word' id='word_1_166' title='bbox 1407 2060 1896 2131; x_wconf 82' lang='lat' dir='ltr'>Gnomonicam</span> <span class='ocrx_word' id='word_1_167' title='bbox 1927 2061 2009 2130; x_wconf 86' lang='lat' dir='ltr'>ab</span> <span class='ocrx_word' id='word_1_168' title='bbox 2050 2059 2466 2131; x_wconf 87' lang='lat' dir='ltr'>Astronornia</span> 
     </span>
     <span class='ocr_line' id='line_1_20' title="bbox 150 2155 2465 2257; baseline 0.004 -34"><span class='ocrx_word' id='word_1_169' title='bbox 150 2179 289 2224; x_wconf 89' lang='lat' dir='ltr'>non</span> <span class='ocrx_word' id='word_1_170' title='bbox 336 2155 694 2237; x_wconf 70' lang='lat' dir='ltr'>distinxisse,</span> <span class='ocrx_word' id='word_1_171' title='bbox 735 2161 834 2231; x_wconf 90' lang='lat' dir='ltr'>sed</span> <span class='ocrx_word' id='word_1_172' title='bbox 875 2161 955 2232; x_wconf 90' lang='lat' dir='ltr'>ad</span> <span class='ocrx_word' id='word_1_173' title='bbox 997 2187 1096 2233; x_wconf 82' lang='lat' dir='ltr'>eas</span> <span class='ocrx_word' id='word_1_174' title='bbox 1137 2163 1478 2257; x_wconf 68' lang='lat' dir='ltr'>spectantia</span> <span class='ocrx_word' id='word_1_175' title='bbox 1529 2164 1592 2233; x_wconf 93' lang='lat' dir='ltr'>in</span> <span class='ocrx_word' id='word_1_176' title='bbox 1647 2165 1764 2236; x_wconf 85' lang='lat' dir='ltr'>hac</span> <span class='ocrx_word' id='word_1_177' title='bbox 1795 2163 2135 2240; x_wconf 76' lang='lat' dir='ltr'>tradidisse,</span> <span class='ocrx_word' id='word_1_178' title='bbox 2179 2189 2298 2233; x_wconf 90' lang='lat' dir='ltr'>nec</span> <span class='ocrx_word' id='word_1_179' title='bbox 2352 2189 2465 2233; x_wconf 92' lang='lat' dir='ltr'>ne-</span> 
     </span>
     <span class='ocr_line' id='line_1_21' title="bbox 152 2259 2471 2366; baseline 0.005 -41"><span class='ocrx_word' id='word_1_180' title='bbox 152 2282 244 2353; x_wconf 81' lang='lat' dir='ltr'>go</span> <span class='ocrx_word' id='word_1_181' title='bbox 271 2308 287 2333; x_wconf 92' lang='lat'>‚</span> <span class='ocrx_word' id='word_1_182' title='bbox 328 2282 466 2329; x_wconf 90' lang='lat' dir='ltr'>non</span> <span class='ocrx_word' id='word_1_183' title='bbox 506 2259 704 2332; x_wconf 89' lang='lat' dir='ltr'>invita</span> <span class='ocrx_word' id='word_1_184' title='bbox 742 2264 1103 2340; x_wconf 80' lang='lat' dir='ltr'>methodo,</span> <span class='ocrx_word' id='word_1_185' title='bbox 1157 2268 1637 2366; x_wconf 80' lang='lat' dir='ltr'>Geographica‚</span> <span class='ocrx_word' id='word_1_186' title='bbox 1669 2266 2157 2366; x_wconf 80' lang='lat' dir='ltr'>Chronologica</span> <span class='ocrx_word' id='word_1_187' title='bbox 2190 2272 2256 2338; x_wconf 61' lang='grc' dir='ltr'>ὃς</span> <span class='ocrx_word' id='word_1_188' title='bbox 2287 2273 2471 2338; x_wconf 86' lang='lat' dir='ltr'>Gno-</span> 
     </span>
     <span class='ocr_line' id='line_1_22' title="bbox 156 2358 2464 2468; baseline 0.005 -40"><span class='ocrx_word' id='word_1_189' title='bbox 156 2358 434 2430; x_wconf 78' lang='lat' dir='ltr'>monicae</span> <span class='ocrx_word' id='word_1_190' title='bbox 470 2362 874 2438; x_wconf 77' lang='lat' dir='ltr'>Problemata</span> <span class='ocrx_word' id='word_1_191' title='bbox 918 2368 1031 2438; x_wconf 88' lang='lat' dir='ltr'>suo</span> <span class='ocrx_word' id='word_1_192' title='bbox 1088 2394 1362 2468; x_wconf 60' lang='lat' dir='ltr'>quaeque</span> <span class='ocrx_word' id='word_1_193' title='bbox 1417 2371 1568 2442; x_wconf 91' lang='lat' dir='ltr'>loco</span> <span class='ocrx_word' id='word_1_194' title='bbox 1613 2371 1672 2441; x_wconf 90' lang='lat' dir='ltr'>in</span> <span class='ocrx_word' id='word_1_195' title='bbox 1721 2373 2210 2444; x_wconf 81' lang='lat' dir='ltr'>Astronomiam</span> <span class='ocrx_word' id='word_1_196' title='bbox 2253 2369 2464 2451; x_wconf 80' lang='lat' dir='ltr'>inferri</span> 
     </span>
     <span class='ocr_line' id='line_1_23' title="bbox 157 2460 2465 2572; baseline 0.007 -43"><span class='ocrx_word' id='word_1_197' title='bbox 157 2460 328 2557; x_wconf 78' lang='lat' dir='ltr'>posse</span> <span class='ocrx_word' id='word_1_198' title='bbox 386 2495 397 2532; x_wconf 92' lang='lat'><strong>:</strong></span> <span class='ocrx_word' id='word_1_199' title='bbox 453 2463 540 2532; x_wconf 90' lang='lat' dir='ltr'>nil</span> <span class='ocrx_word' id='word_1_200' title='bbox 581 2488 800 2540; x_wconf 89' lang='lat' dir='ltr'>tamen</span> <span class='ocrx_word' id='word_1_201' title='bbox 847 2470 1091 2547; x_wconf 83' lang='lat' dir='ltr'>obstat,</span> <span class='ocrx_word' id='word_1_202' title='bbox 1147 2499 1286 2572; x_wconf 87' lang='lat' dir='ltr'>quo</span> <span class='ocrx_word' id='word_1_203' title='bbox 1330 2476 1544 2546; x_wconf 74' lang='lat' dir='ltr'>minus</span> <span class='ocrx_word' id='word_1_204' title='bbox 1600 2502 1671 2546; x_wconf 90' lang='lat' dir='ltr'>ea</span> <span class='ocrx_word' id='word_1_205' title='bbox 1722 2475 1803 2546; x_wconf 92' lang='lat' dir='ltr'>ab</span> <span class='ocrx_word' id='word_1_206' title='bbox 1841 2474 2253 2545; x_wconf 84' lang='lat' dir='ltr'>Astronomia</span> <span class='ocrx_word' id='word_1_207' title='bbox 2299 2476 2465 2566; x_wconf 78' lang='lat' dir='ltr'>sepa·</span> 
     </span>
     <span class='ocr_line' id='line_1_24' title="bbox 156 2568 2463 2675; baseline 0.008 -43"><span class='ocrx_word' id='word_1_208' title='bbox 156 2590 412 2642; x_wconf 86' lang='lat' dir='ltr'>remus,</span> <span class='ocrx_word' id='word_1_209' title='bbox 475 2568 689 2640; x_wconf 87' lang='lat' dir='ltr'>immo</span> <span class='ocrx_word' id='word_1_210' title='bbox 744 2574 907 2644; x_wconf 88' lang='lat' dir='ltr'>ratio</span> <span class='ocrx_word' id='word_1_211' title='bbox 965 2576 1177 2649; x_wconf 84' lang='lat' dir='ltr'>suadet</span> <span class='ocrx_word' id='word_1_212' title='bbox 1215 2629 1230 2654; x_wconf 87' lang='lat'>,</span> <span class='ocrx_word' id='word_1_213' title='bbox 1306 2601 1376 2648; x_wconf 92' lang='lat' dir='ltr'>ut</span> <span class='ocrx_word' id='word_1_214' title='bbox 1443 2579 1769 2651; x_wconf 68' lang='lat' dir='ltr'>faciamus,</span> <span class='ocrx_word' id='word_1_215' title='bbox 1883 2580 2228 2675; x_wconf 88' lang='lat' dir='ltr'>Postquam</span> <span class='ocrx_word' id='word_1_216' title='bbox 2286 2578 2463 2650; x_wconf 86' lang='lat' dir='ltr'>enim</span> 
     </span>
     <span class='ocr_line' id='line_1_25' title="bbox 155 2664 2464 2782; baseline 0.007 -47"><span class='ocrx_word' id='word_1_217' title='bbox 155 2664 555 2764; x_wconf 79' lang='lat' dir='ltr'>dogmatum</span> <span class='ocrx_word' id='word_1_218' title='bbox 592 2677 1193 2773; x_wconf 77' lang='lat' dir='ltr'>Geographicorum</span> <span class='ocrx_word' id='word_1_219' title='bbox 1244 2683 1311 2750; x_wconf 69' lang='grc' dir='ltr'>δε</span> <span class='ocrx_word' id='word_1_220' title='bbox 1382 2681 2033 2782; x_wconf 79' lang='lat' dir='ltr'>Clironologicorum</span> <span class='ocrx_word' id='word_1_221' title='bbox 2080 2705 2274 2778; x_wconf 84' lang='lat' dir='ltr'>atque</span> <span class='ocrx_word' id='word_1_222' title='bbox 2322 2706 2464 2777; x_wconf 86' lang='lat' dir='ltr'>pra-</span> 
     </span>
     <span class='ocr_line' id='line_1_26' title="bbox 154 2768 2456 2881; baseline 0.007 -42"><span class='ocrx_word' id='word_1_223' title='bbox 154 2768 335 2840; x_wconf 82' lang='lat' dir='ltr'>xium</span> <span class='ocrx_word' id='word_1_224' title='bbox 384 2777 822 2849; x_wconf 79' lang='lat' dir='ltr'>Gnomonicae</span> <span class='ocrx_word' id='word_1_225' title='bbox 861 2807 1165 2853; x_wconf 86' lang='lat' dir='ltr'>numerus</span> <span class='ocrx_word' id='word_1_226' title='bbox 1211 2782 1332 2855; x_wconf 91' lang='lat' dir='ltr'>fuit</span> <span class='ocrx_word' id='word_1_227' title='bbox 1390 2785 1845 2881; x_wconf 83' lang='lat' dir='ltr'>multiplicatus</span> <span class='ocrx_word' id='word_1_228' title='bbox 1873 2839 1887 2863; x_wconf 91' lang='lat'>‚</span> <span class='ocrx_word' id='word_1_229' title='bbox 1934 2790 2004 2855; x_wconf 71' lang='grc' dir='ltr'>δε</span> <span class='ocrx_word' id='word_1_230' title='bbox 2047 2785 2456 2856; x_wconf 86' lang='lat' dir='ltr'>Astronomia</span> 
     </span>
     <span class='ocr_line' id='line_1_27' title="bbox 154 2873 2457 2983; baseline 0.008 -44"><span class='ocrx_word' id='word_1_231' title='bbox 154 2896 267 2967; x_wconf 92' lang='lat' dir='ltr'>per</span> <span class='ocrx_word' id='word_1_232' title='bbox 311 2873 368 2943; x_wconf 90' lang='lat' dir='ltr'>se</span> <span class='ocrx_word' id='word_1_233' title='bbox 421 2901 631 2948; x_wconf 87' lang='lat' dir='ltr'>rerum</span> <span class='ocrx_word' id='word_1_234' title='bbox 685 2879 749 2951; x_wconf 91' lang='lat' dir='ltr'>in</span> <span class='ocrx_word' id='word_1_235' title='bbox 801 2910 871 2954; x_wconf 89' lang='lat' dir='ltr'>ea</span> <span class='ocrx_word' id='word_1_236' title='bbox 924 2887 1512 2979; x_wconf 63' lang='lat' dir='ltr'>pertractandarum</span> <span class='ocrx_word' id='word_1_237' title='bbox 1577 2888 1944 2983; x_wconf 86' lang='lat' dir='ltr'>admodum</span> <span class='ocrx_word' id='word_1_238' title='bbox 1999 2888 2171 2958; x_wconf 87' lang='lat' dir='ltr'>dives</span> <span class='ocrx_word' id='word_1_239' title='bbox 2229 2887 2457 2983; x_wconf 86' lang='lat' dir='ltr'>reperi-</span> 
     </span>
     <span class='ocr_line' id='line_1_28' title="bbox 152 2979 2456 3086; baseline 0.008 -43"><span class='ocrx_word' id='word_1_240' title='bbox 152 2998 258 3044; x_wconf 83' lang='lat' dir='ltr'>tur</span> <span class='ocrx_word' id='word_1_241' title='bbox 311 3003 332 3064; x_wconf 77' lang='lat'>3</span> <span class='ocrx_word' id='word_1_242' title='bbox 388 2979 562 3050; x_wconf 87' lang='lat' dir='ltr'>nulla</span> <span class='ocrx_word' id='word_1_243' title='bbox 616 3008 736 3053; x_wconf 89' lang='lat' dir='ltr'>nos</span> <span class='ocrx_word' id='word_1_244' title='bbox 784 3011 967 3086; x_wconf 83' lang='lat' dir='ltr'>urget</span> <span class='ocrx_word' id='word_1_245' title='bbox 1021 2990 1223 3069; x_wconf 85' lang='lat' dir='ltr'>ratio,</span> <span class='ocrx_word' id='word_1_246' title='bbox 1267 2991 1512 3061; x_wconf 90' lang='lat' dir='ltr'>nedum</span> <span class='ocrx_word' id='word_1_247' title='bbox 1556 2995 1871 3064; x_wconf 79' lang='lat' dir='ltr'>neceffitas</span> <span class='ocrx_word' id='word_1_248' title='bbox 1904 3046 1919 3070; x_wconf 94' lang='lat'><em>‚</em></span> <span class='ocrx_word' id='word_1_249' title='bbox 1975 3008 2059 3063; x_wconf 48' lang='lat' dir='ltr'>*ut</span> <span class='ocrx_word' id='word_1_250' title='bbox 2110 2997 2456 3062; x_wconf 66' lang='lat' dir='ltr'>Lectorem</span> 
     </span>
     <span class='ocr_line' id='line_1_29' title="bbox 151 3078 2458 3172; baseline 0.008 -26"><span class='ocrx_word' id='word_1_251' title='bbox 151 3078 686 3156; x_wconf 86' lang='lat' dir='ltr'>addiscendorum</span> <span class='ocrx_word' id='word_1_252' title='bbox 727 3091 908 3161; x_wconf 84' lang='lat' dir='ltr'>mole</span> <span class='ocrx_word' id='word_1_253' title='bbox 949 3090 1011 3161; x_wconf 92' lang='lat' dir='ltr'>in</span> <span class='ocrx_word' id='word_1_254' title='bbox 1066 3093 1272 3163; x_wconf 87' lang='lat' dir='ltr'>studio</span> <span class='ocrx_word' id='word_1_255' title='bbox 1326 3096 1606 3166; x_wconf 87' lang='lat' dir='ltr'>maxime</span> <span class='ocrx_word' id='word_1_256' title='bbox 1657 3096 1893 3168; x_wconf 75' lang='lat' dir='ltr'>diffuso</span> <span class='ocrx_word' id='word_1_257' title='bbox 1939 3122 2282 3168; x_wconf 85' lang='lat' dir='ltr'>oneremus</span> <span class='ocrx_word' id='word_1_258' title='bbox 2311 3149 2325 3172; x_wconf 92' lang='lat'>‚</span> <span class='ocrx_word' id='word_1_259' title='bbox 2383 3119 2458 3166; x_wconf 85' lang='lat' dir='ltr'>ac</span> 
     </span>
    </p>
   </div>
   <div class='ocr_carea' id='block_1_3' title="bbox 150 3180 2460 3400">
    <p class='ocr_par' dir='ltr' id='par_1_3' title="bbox 150 3180 2460 3400">
     <span class='ocr_line' id='line_1_30' title="bbox 150 3180 2459 3305; baseline 0.008 -55"><span class='ocrx_word' id='word_1_260' title='bbox 150 3180 218 3252; x_wconf 83' lang='lat' dir='ltr'>in</span> <span class='ocrx_word' id='word_1_261' title='bbox 270 3184 479 3258; x_wconf 88' lang='lat' dir='ltr'>studio</span> <span class='ocrx_word' id='word_1_262' title='bbox 518 3214 627 3285; x_wconf 89' lang='lat' dir='ltr'>per</span> <span class='ocrx_word' id='word_1_263' title='bbox 679 3192 735 3263; x_wconf 93' lang='lat' dir='ltr'>se</span> <span class='ocrx_word' id='word_1_264' title='bbox 779 3193 1015 3269; x_wconf 87' lang='lat' dir='ltr'>difficili</span> <span class='ocrx_word' id='word_1_265' title='bbox 1073 3198 1501 3272; x_wconf 87' lang='lat' dir='ltr'>attentionem</span> <span class='ocrx_word' id='word_1_266' title='bbox 1548 3203 1679 3298; x_wconf 89' lang='lat' dir='ltr'>ejus</span> <span class='ocrx_word' id='word_1_267' title='bbox 1719 3201 2146 3305; x_wconf 78' lang='lat' dir='ltr'>defatigemus</span> <span class='ocrx_word' id='word_1_268' title='bbox 2192 3226 2266 3273; x_wconf 86' lang='lat' dir='ltr'>ac</span> <span class='ocrx_word' id='word_1_269' title='bbox 2304 3225 2459 3269; x_wconf 88' lang='lat' dir='ltr'>con-</span> 
     </span>
     <span class='ocr_line' id='line_1_31' title="bbox 2242 3325 2460 3400; baseline -0.018 -25"><span class='ocrx_word' id='word_1_270' title='bbox 2242 3325 2460 3400; x_wconf 85' lang='lat' dir='ltr'>ceptus</span> 
     </span>
    </p>
   </div>
  </div>
 </body>
</html>
