2641 3687
189 172 302 246 Cap.
342 170 380 225 I.
425 173 528 227 DE
568 163 1075 224 HOROLOGHS
1127 156 1578 217 SOLARIBUS
1618 149 2063 209 PRIMARIIS.

241 301 820 353 CoRoLLAMUM
872 295 911 346 Ι.

120 415 194 460 23.
231 397 354 456 Quia
388 399 463 444 Sol
496 400 681 444 Planum
712 389 953 439 Meridiani
973 424 987 442 ,
1019 401 1113 448 qua

48 465 355 513 ‘Occidentem
391 462 604 525 respicit,
639 457 815 507 nonnisi
845 456 942 518 post
974 453 1110 500 meri-

51 532 172 578 diem
209 531 431 584 illustrat‚·
467 525 779 588 Horologium
813 520 1113 569 Occidentale

48 609 226 645 tantum
248 596 385 642 horas
413 593 750 657 pomeridianas
771 588 1009 638 monstrat.

228 680 786 734 CoRoLLARiuM
853 675 928 728 11.

119 796 194 840 24.
230 783 385 838 Quare
411 779 440 825 si
471 782 708 840 jungantur
739 768 1010 832 Horologio
1049 769 1113 816 0-

52 847 254 898 rientali,
279 862 441 892 omnes
457 844 548 891 diei
570 844 703 889 horas
740 854 823 901 per
858 850 1016 885 totum
1035 849 1115 884 an-

55 930 163 962 num
180 911 408 961 addiscere
426 909 595 958 licebit.

272 1007 760 1058 DEFINITIO
827 1000 894 1052 X.

138 1115 225 1169 252.
267 1101 583 1173 Horologium
633 1099 804 1159 Potare
829 1097 896 1150 est
922 1133 938 1159 ‚
974 1092 1118 1166 quod

58 1180 108 1235 in
138 1180 290 1234 Plano
324 1176 607 1232 describitur
633 1194 718 1249 per
752 1174 900 1244 Polos
938 1172 1117 1226 Mundi

61 1262 111 1312 ἃ
137 1255 355 1311 cardines
390 1256 603 1310 Orientis
641 1270 793 1325 atque
832 1250 1117 1306 Occidentis

60 1333 351 1390 transeunte.
393 1334 587 1388 Dicitur
601 1333 846 1404 sttperius,
873 1329 904 1382 fi
940 1327 1117 1381 Zenith

62 1411 248 1484 respicit
283 1432 297 1469 3
355 1405 555 1483 inferius
577 1447 594 1475 ‚
629 1409 661 1464 fi
694 1405 922 1464 adversus
955 1404 1118 1462 Nadir

61 1491 302 1564 dirigitur.

238 1571 852 1624 COROLLARIUM
916 1565 960 1617 I.

138 1682 212 1722 26.
247 1675 484 1721 Inclinatur
503 1672 618 1720 adeo
633 1672 690 1720 ad
710 1671 1021 1720 Horizontem
1039 1667 1120 1719 sub

73 1744 239 1803 angulo
260 1739 498 1789 elevationi
519 1742 612 1786 Poli
629 1738 803 1802 aequali.

216 1831 843 1885 CoRoLLAR1UM
888 1831 967 1884 ΙΙ.

0 1941 55 1985 11,
137 1945 210 1985 27.
248 1935 479 1987 Quoniam
526 1933 712 1981 Planum
760 1935 923 1980 Polare
967 1932 1122 1991 POQS

0 2011 154 2057 21,per
187 1997 392 2045 cardines
425 1998 625 2046 Orientis
663 2001 705 2046 O
743 2004 786 2046 &
815 1997 1079 2046 Occidentis
1100 2000 1125 2042 S

73 2059 220 2110 transit
239 2065 408 2121 (§.25)‚
440 2065 557 2111 inter
577 2064 720 2127 ipsum
747 2071 788 2112 &
819 2065 1128 2112 Meridianum

74 2127 300 2188 quadrans
325 2134 584 2192 AEquatoris
616 2132 939 2193 intercipitur(
969 2133 1013 2188 §.
1051 2136 1128 2180 88-

78 2200 135 2250 89
159 2195 329 2250 Astron.
354 2197 386 2256 ).
418 2195 761 2259 consequenter
789 2196 1046 2260 superficies
1064 2194 1131 2242 su-

79 2262 236 2321 perior
251 2261 275 2310 a
298 2267 400 2310 Sole
422 2263 659 2311 illustratur
687 2264 744 2311 ab
763 2264 879 2311 hora
900 2261 1024 2310 sexta
1036 2276 1132 2308 ma-

79 2328 225 2376 tutina
243 2327 381 2390 usque
408 2329 464 2375 ad
485 2329 651 2377 sextam
670 2329 996 2392 vespertinam;
1016 2327 1132 2376 infe-

75 2394 171 2442 rior
195 2408 348 2441 autem
374 2395 433 2442 ab
455 2409 558 2443 ortu
578 2395 716 2457 usique
745 2397 804 2445 ad
841 2398 1006 2444 horam
1039 2395 1132 2442 sex-

74 2472 169 2535 tam
189 2462 484 2517 matutinam,
520 2467 561 2508 &
595 2463 652 2509 ab
670 2463 784 2511 hora
812 2462 934 2511 sexta
956 2457 1133 2525 vesper-

73 2538 166 2574 tina
198 2526 338 2588 usque
378 2527 435 2574 ad
467 2529 687 2578 occasum.
754 2531 976 2577 Monstrat
1013 2528 1133 2576 adeo

75 2596 383 2656 Horologium
400 2598 558 2643 Polare
577 2595 764 2645 inserius
787 2597 925 2643 horas
947 2595 1133 2643 matuti-

72 2674 152 2705 nas
169 2661 227 2705 ab
262 2673 369 2707 ortu
397 2661 510 2708 Solis
537 2663 672 2724 usque
689 2662 745 2709 ad
769 2664 934 2710 horam
961 2661 1132 2709 sextam

73 2730 114 2770 δι
133 2724 409 2787 vespertinas
425 2727 481 2773 ab
501 2727 612 2775 hora
630 2729 749 2776 sexta
766 2728 906 2790 usque
924 2728 983 2776 ad
1003 2744 1132 2776 occa-

74 2790 166 2836 sum
184 2811 201 2860 Δε
237 2790 439 2854 superius
467 2807 619 2841 autem
637 2798 786 2843 Horas
806 2794 832 2844 a
849 2795 973 2844 sexta
993 2794 1134 2857 usque

76 2854 134 2901 ad
152 2854 317 2904 sextam
342 2857 657 2921 vespertinam.

310 2944 753 3000 Darturrlo
796 2951 895 3004 XI.

156 3055 242 3104 28.
259 3045 438 3104 Circuli
463 3049 672 3106 Horarii
696 3051 776 3107 seu
800 3054 1052 3110 Horarum
1071 3053 1138 3109 di·

74 3138 249 3175 cuntur
276 3124 441 3180 circuli
471 3131 666 3183 maximi
692 3149 777 3202 per
801 3133 948 3186 Polos
973 3134 1137 3206 Sphae-

79 3216 139 3252 rae
165 3201 422 3258 mundanae
450 3205 744 3279 transeuntes
780 3213 829 3264 ὅ(
855 3212 1136 3284 quindecim

2191 160 2292 216 155

1229 285 1472 361 graduum
1497 281 1754 339 intervallo
1780 280 1807 335 a
1832 279 1878 335 se
1903 282 2111 335 invicem
2130 260 2304 333 distan-

1228 383 1318 420 wa

1435 440 2105 496 CoRoLLARIUM.

1309 557 1385 599 29.
1421 543 1547 606 Qia
1589 554 1671 602 per
1709 539 1848 584 Polos
1883 534 2146 597 AEquatoris
2188 548 2311 582 tran-

1239 608 1369 657 seunt
1390 607 1407 667 (
1428 611 1481 660 J.
1505 612 1566 664 48
1601 604 1773 660 Astron.
1799 607 1842 658 ),
1864 604 2060 649 eundem
2087 600 2144 647 ad
2176 615 2317 661 angue

1240 678 1313 722 los
1349 675 1500 720 τεᾶοε
1522 669 1670 719 secant
1703 678 1714 726 (
1746 674 1800 725 §-
1847 680 1899 716 ιδ
1942 670 2136 730 Splwric.
2162 666 2195 725 ).
2247 665 2320 711 Est

1241 740 1361 788 adeo
1391 738 1604 786 distantia
1629 752 1790 784 eorum
1817 749 1948 781 arcus
1975 732 2240 795 Aquatoris
2266 744 2315 787 15

1241 805 1470 869 graduum
1493 809 1506 861 (
1526 807 1585 857 5.
1613 819 1672 862 54
1695 804 1890 867 Sphaeric.
1906 804 1936 854 ).

1506 886 1923 939 PRossLEMA
1991 883 2033 933 L

1322 995 1414 1048 30.
1456 980 1773 1054 [Horologium
1796 975 2171 1052 AEquinoo‘liale
2190 974 2312 1047 sitpe-
2328 968 2501 1099 {3221-

1242 1067 1346 1119 rius
1377 1060 1645 1132 destribere.

1501 1163 1546 1217 R
1573 1176 1599 1213 E
1628 1179 1650 1213 s
1674 1177 1708 1213 o
1736 1172 1765 1212 L
1798 1173 1833 1211 u
1862 1174 1895 1209 T
1926 1173 1942 1212 1
1975 1171 2032 1210 0.

1253 1289 1296 1330 1.
1327 1274 1402 1325 Ex
1453 1284 1626 1323 centro
1665 1269 1712 1321 C
1762 1264 2061 1322 describatur
2111 1259 2321 1316 circulus

1363 1351 1547 1402 RBDE
1574 1352 1623 1402 ὃ(
1649 1364 1736 1420 per
1760 1347 2034 1400 diametros
2053 1343 2152 1396 AD
2172 1353 2322 1408 atque

1360 1429 1441 1480 BE,
1476 1423 1521 1479 se
1563 1440 1741 1479 mutuo
1770 1424 1848 1478 ad
1898 1423 2112 1494 angulos
2162 1419 2322 1470 rectos

1362 1502 1583 1558 secantes
1627 1502 1880 1556 dividatur
1927 1501 1975 1554 in
2021 1497 2322 1573 quadrantes

1363 1585 1489 1644 ΑΒ,
1513 1582 1642 1643 BD,
1670 1583 1775 1635 DE
1802 1585 1851 1635 δε
1879 1580 1996 1635 ΕΑ.

1252 1674 1302 1720 2.
1328 1661 1553 1731 Qilibet
1577 1659 1829 1731 quadrans
1868 1657 2074 1712 ulterius
2106 1649 2324 1708 subdivi-

1367 1742 1512 1792 datur
1550 1738 1597 1793 in
1646 1736 1730 1791 sex
1766 1754 1930 1809 partes
1975 1734 2185 1807 aequales
2233 1745 2321 1801 per

1365 1821 1518 1871 rectas
1546 1818 1625 1872 Cr
1648 1854 1665 1879 ,
1692 1818 1808 1877 (32,
1837 1818 1921 1881 C3
1953 1819 2049 1869 ἃς.
2085 1823 2227 1867 erunt
2246 1810 2321 1862 hae

1372 1898 1510 1950 rectae
1535 1895 1696 1950 Lineae
1722 1895 1944 1948 horariae.

1257 1990 1306 2042 3.
1338 1977 1429 2027 Per
1456 1988 1675 2027 centrum
1705 1974 1757 2027 C
1781 1974 2050 2040 trajiciatur
2078 1969 2245 2042 Stylus
2272 1963 2337 2019 ad

1375 2053 1583 2105 Planum
1610 2052 1791 2105 ABDE
1823 2048 2259 2123 perpendicularis·

1255 2131 1421 2192 Dico,
1448 2129 1480 2181 fi
1498 2129 1836 2200 Horologium
1854 2129 1921 2182 ita
1946 2127 2194 2188 elevetur,
2215 2121 2339 2177 ursit

1257 2212 1306 2263 in
1339 2210 1496 2263 Plano
1524 2208 1844 2279 AEquatoriS,
1872 2212 1921 2262 &
1948 2206 2097 2259 Linea
2122 2207 2170 2257 C
2204 2215 2266 2261 12
2288 2201 2340 2256 fit

1258 2289 1304 2340 in
1347 2288 1501 2340 Plano
1537 2285 1804 2340 Meridiani
1834 2324 1849 2349 ,
1909 2286 2246 2357 punciumque
2292 2282 2340 2334 A

1259 2366 1491 2421 Austrum
1513 2362 1766 2436 respiciat,
1795 2363 2022 2417 umbram
2047 2362 2173 2433 styli
2201 2377 2340 2413 mon-

1258 2446 1512 2498 straturam
1557 2442 1706 2495 horas
1740 2445 1790 2495 &
1825 2441 2262 2503 antemeridianas,
2288 2442 2337 2492 &

1258 2518 1628 2595 pomeridianas
1653 2538 1770 2573 vere
1803 2523 1853 2573 ὃ(
1884 2519 2061 2573 astate.

1446 2629 2146 2682 DEMoNsTRATIO.

1339 2729 1593 2802 Qoniam
1629 2727 1821 2781 Circuli
1856 2724 2056 2780 Horarii
2081 2741 2220 2777 arcus
2252 2723 2331 2772 AE-

1248 2809 1484 2882 *quatoris
1528 2806 1813 2876 quindecim
1857 2805 2100 2877 graduum
2142 2796 2334 2853 interci-

1263 2889 1445 2960 piunt(
1473 2889 1518 2944 §.
1552 2896 1621 2948 29
1648 2883 1698 2953 >2
1724 2883 1926 2936 Planum
1964 2899 2086 2934 vero
2119 2876 2334 2933 ABDE

1263 2967 1310 3018 in
1338 2964 1493 3018 Plano
1521 2962 1806 3033 AEquatoris
1824 2959 1988 3014 existit
1999 2977 2087 3034 per
2111 2950 2339 3031 hypothess

1269 3043 1459 3098 Circuli
1485 3058 1690 3112 quoque
1715 3040 1913 3094 Horarii
1957 3056 2096 3092 arcus
2134 3031 2338 3106 quinde-

1259 3121 1352 3174 cim
1383 3121 1626 3191 graduum
1652 3118 1818 3172 circuli
1843 3120 2060 3171 ABDE
2087 3153 2102 3177 ,
2145 3106 2336 3164 interci-

1263 3199 1419 3271 piunt.
1509 3199 1680 3268 Quare
1720 3212 1830 3249 cum
1872 3193 2039 3266 anguli
2081 3193 2144 3249 12
2182 3189 2332 3244 CII,

1818 3276 1868 3324 V
1911 3285 1940 3328 2
2266 3274 2323 3317 11
