2641 3687
227 156 343 234 eap.
382 155 483 214 JV:
526 157 630 214 DE
680 149 1254 210 FORNACIBU8‚
1307 145 1665 205 CAMINIS
1714 147 1811 200 ET
1849 135 2106 199 mets,

316 307 759 358 Sonotton
843 297 922 350 11.

162 422 272 477 498.
310 423 406 465 Hoc
443 435 542 465 vero
578 413 808 474 artificium
842 427 1014 476 ,quoque
1056 413 1152 459 imi·

86 489 186 530 ‘tari
212 488 313 530 licet
338 489 381 531 in
417 487 538 531 focis
565 479 796 542 majoribus
815 511 828 531 ‚
855 479 890 537 fi
914 480 1000 524 loco
1021 480 1151 525 crati-

95 551 191 595 cula:
215 550 447 611 staperioris
471 549 583 607 fiant
613 549 828 608 foramina
865 545 1007 590 ovalia
1057 546 1154 590 ollaes

90 631 144 660 ex
186 617 356 662 laminis
388 617 548 676 ferreis
576 614 699 675 paulo
727 609 989 673 craffioribus
1013 609 1155 669 fafias

90 695 311 741 receptura
331 714 345 733 ,
376 699 426 728 ne
451 684 639 728 maxima
670 692 771 741 pars
798 677 951 723 caloris
971 711 984 728 ‚
1014 692 1156 736 quem-

94 750 318 794 admodum
361 753 487 810 vulgo
532 749 720 799 accidit,
762 743 978 791 inutiliter
1022 741 1158 800 consu-

97 826 255 860 matur.

262 896 726 946 PROBLEMA
783 887 994 942 XXIx,

179 1010 308 1061 499.
352 995 633 1052 Fumarium
659 998 908 1066 exstruere.

370 1092 413 1144 R
442 1108 467 1144 E
499 1109 520 1144 s
549 1108 584 1144 o
614 1107 645 1145 L
675 1107 708 1144 u
739 1109 772 1143 T
798 1107 814 1145 1
839 1111 888 1146 0.

177 1185 233 1236 In
283 1188 496 1242 Fumarii
546 1186 871 1242 exstructione
921 1183 1163 1258 praecipua

91 1256 193 1313 -effe
237 1263 387 1316 debet
429 1283 578 1328 cura7
619 1283 681 1317 ne
723 1264 910 1319 fumum
949 1265 994 1316 in
1019 1263 1163 1318 Culi-

101 1355 214 1392 nam
244 1357 326 1394 aut
352 1342 491 1398 Atria
518 1342 746 1397 remittat.
783 1346 957 1416 Qare

106 1457 157 1497 1.
194 1447 262 1499 Ea
307 1443 412 1498 fieri
453 1443 606 1498 debet
655 1441 957 1514 amplitudO‚
1001 1457 1054 1495 ut
1092 1441 1167 1496 fu-

222 1540 356 1575 mum
394 1520 729 1576 ascendentem
761 1537 957 1573 omnem
993 1538 1168 1592 capere

218 1599 359 1672 poffit
388 1640 403 1665 ,
446 1618 623 1670 nempe
665 1598 877 1652 latitudo
914 1599 1168 1652 minimum

229 1694 330 1741 10,
368 1677 631 1749 longitudo
670 1691 730 1742 15
768 1677 1054 1748 digitorum.
1093 1679 1170 1731 Ut

220 1773 344 1809 vero
387 1756 547 1809 firmus
593 1752 853 1817 ascendat,
907 1755 1030 1807 liber
1072 1756 1171 1808 aeri

228 1835 291 1887 ad
333 1835 496 1905 ignem
537 1835 744 1888 affluxus
783 1833 1082 1886 concedatur
1116 1853 1171 1886 o-

223 1931 314 1985 pus
353 1913 438 1965 est.

111 2005 160 2050 2,
192 1990 446 2064 Qoniam
494 1989 741 2060 impetus,
798 2005 903 2060 quo
951 1989 1172 2043 elevatur

226 2072 389 2124 tumus
410 2105 426 2130 ,
467 2067 701 2120 continuo
725 2065 984 2122 decrescit.
1013 2081 1065 2118 ut
1093 2085 1174 2121 aer

226 2143 508 2201 ascendenti
539 2144 694 2196 minus
721 2142 923 2207 resistat,
945 2145 1004 2199 ad
1029 2161 1172 2216 quot-

228 2225 353 2278 libet
382 2235 455 2280 20
491 2221 753 2275 altitudinis
784 2222 936 2293 pedes
979 2225 1176 2296 integro

226 2303 385 2373 digito
418 2301 566 2353 latior
607 2298 708 2352 fieri
752 2300 922 2354 debet.
969 2304 1178 2358 Cavitas

225 2382 404 2450 nempe
428 2377 637 2433 Fumarii
675 2380 948 2449 Pyramidis
986 2396 1179 2435 trunca-

223 2474 283 2511 tae
311 2454 506 2510 inversae
537 2454 742 2526 figuram
772 2457 940 2512 habet.

111 2557 160 2608 3.
193 2536 423 2591 Altitudo
471 2533 679 2586 Fumarii
729 2536 885 2602 major
923 2536 978 2589 fit
1025 2556 1175 2610 quam

226 2613 363 2667 Tecti
391 2650 404 2673 ‚
448 2630 508 2664 ne
546 2608 666 2663 radii
694 2608 870 2666 solares
894 2634 1056 2669 aerem
1089 2619 1175 2670 cir—

226 2710 284 2745 ca
314 2692 521 2742 Tectum
546 2687 910 2756 rarefacientes‚
942 2712 1034 2748 nec
1063 2714 1175 2748 ven-

229 2770 265 2822 ti
293 2769 357 2822 ab
387 2767 568 2825 eodem
601 2769 766 2822 reflexi
800 2770 990 2830 furnum
1015 2774 1172 2845 repel-

229 2848 374 2907 lant.2

184 3191 344 3261 Wffii
367 3191 506 3266 Oper²
535 3192 789 3250 [Mathem-
815 3193 962 3265 Toni.
981 3193 1077 3249 IV„

1637 42 1670 61 s

2223 146 2334 204 369

1273 296 1328 344 4.
1353 274 1453 333 Sed
1498 293 1559 329 ne
1582 288 1843 328 ventorum
1879 272 1927 325 vi
1956 270 2237 339 dejiciatur,
2282 269 2331 326 in

1390 355 1532 427 apice
1578 354 1717 407 Tecti
1758 350 1956 403 demum
2002 351 2144 404 educi
2188 366 2337 423 atque

1389 431 1476 487 sub
1512 433 1707 494 Toeto,
1743 428 1776 481 fi
1816 446 1941 500 opus
1978 427 2071 492 fit,
2120 429 2335 485 inclinari

1391 512 1545 565 debet
1572 530 1583 560 ε
1613 526 1722 580 quae
1754 506 2001 559 inclinatio
2036 507 2177 560 etiam
2207 508 2336 562 hunc

1393 588 1528 643 usum
1557 587 1709 639 habet
1737 624 1751 646 ,
1790 603 1851 636 ne
1881 583 2040 637 fumus
2068 600 2162 637 tam
2195 584 2334 639 facile

1396 665 1676 738 repellatur.
1705 662 1951 715 Habenda
1982 679 2144 716 auten-1
2169 663 2244 716 hic
2265 665 2335 718 est

1393 744 1694 819 Eurythmiae
1720 740 1846 795 ratio
1871 739 1892 811 (
1919 747 1963 802 ἕ.
1997 754 2063 808 32
2091 739 2128 809 ).

1285 828 1444 892 §.Ne
1495 825 1656 879 furnus
1706 821 2022 891 impetuofior
2073 827 2335 885 tardiorem·

1399 904 1637 976 repellat,
1677 912 1763 951 aut
1803 897 2033 951 contrarii
2073 918 2206 972 etque
2238 907 2336 961 for.

1396 999 1468 1036 tes
1502 977 1742 1033 ascensum
1775 991 1998 1029 mutuum
2035 976 2290 1050 impediant
2318 1008 2333 1045 ς

1398 1080 1462 1114 ex
1492 1059 1692 1112 duobus
1722 1055 1888 1119 reicis,
1920 1058 2218 1114 Fornacibus
2260 1065 2338 1118 vel

1399 1139 1622 1194 Caminis
1652 1136 1698 1187 in
1727 1134 1857 1187 idem
1891 1137 2168 1190 Fumarium
2206 1143 2340 1194 mini-

1400 1236 1482 1272 me
1535 1213 1855 1270 deducendus
1899 1215 1965 1266 est
2012 1214 2169 1269 fumus
2208 1258 2219 1280 ,
2260 1219 2341 1272 nili

1393 1295 1775 1366 -diaphragmate
1795 1290 2116 1362 distinguatur
2132 1333 2144 1355 ,
2177 1312 2227 1347 ut
2250 1315 2348 1350 non

1395 1372 1767 1431 confundatur,
1803 1368 1885 1421 nifi
1931 1370 2017 1422 ubi
2069 1373 2240 1427 eadem
2280 1371 2349 1427 di-

1401 1456 1624 1509 rectione
1653 1465 1858 1520 uterque
1885 1448 2085 1519 gaudet.

1286 1545 1341 1595 6.
1369 1538 1537 1605 Opera
1580 1529 1799 1599 denique
1845 1524 2010 1580 danda
2046 1528 2145 1593 est,
2186 1548 2243 1582 ne
2277 1530 2349 1584 fu-

1403 1611 1555 1666 maria
1600 1605 1878 1662 Conclavia
1917 1605 2237 1661 deforment:
2269 1627 2349 1661 un-

1404 1690 1469 1744 de
1497 1688 1660 1760 saepius
1694 1683 1966 1736 consultum
1992 1685 2087 1746 est,
2137 1701 2189 1738 ut
2231 1685 2351 1738 intra

1398 1767 1643 1823 Caminos
1695 1762 1742 1814 in
1790 1762 1939 1814 Atriis
1991 1763 2349 1830 exstructos&

1404 1856 1513 1908 482
1543 1843 1563 1913 )
1599 1837 1983 1897 abscondantur.

1542 1990 2000 2044 ScHoLloN
2067 1987 2108 2039 Ι.

1359 2122 1472 2169 500.
1504 2110 1583 2156 Ne
1633 2109 1840 2155 Fumaria
1878 2105 2048 2165 fumum
2099 2110 2354 2162 remittantg

1280 2179 1487 2238 suadetur
1515 2189 1564 2223 ut
1595 2192 1672 2222 non
1708 2173 2114 2236 perpendiculariter
2147 2175 2357 2226 exstruam

1292 2258 1399 2294 tur,
1444 2244 1515 2302 sed
1548 2241 1623 2300 sub
1664 2241 1786 2288 Teuo
1830 2240 2120 2292 inclinentur,
2154 2245 2208 2288 &
2238 2253 2362 2287 extra

1293 2315 1404 2359 idem
1446 2311 1671 2358 denuo'ad
1724 2322 1913 2352 normam
1952 2311 2185 2369 erigantur.
2251 2306 2362 2362 Nos-

1294 2391 1433 2426 trates
1464 2380 1609 2424 dicunt
1646 2373 1721 2420 die
1758 2375 2081 2421 Feuer-Mauer
2107 2371 2359 2434 schleppen.

1519 2509 1977 2561 ScuotioN
2050 2505 2134 2561 II.

1372 2666 1478 2709 501.
1515 2656 1622 2701 Non
1652 2655 1790 2700 minor
1825 2663 2031 2716 praeterea
2064 2648 2257 2697 furnarii
2276 2644 2363 2693 cem-⁴

1293 2722 1459 2783 plitudo
1498 2718 1573 2781 effe
1617 2718 1740 2766 dehet
1762 2755 1775 2772 ‚
1817 2735 1944 2783 quam
1985 2730 2033 2764 ut
2062 2730 2168 2779 puer
2200 2717 2306 2761 idem
2333 2710 2358 2757 ὲ

1290 2788 1475 2848 fuligine
1531 2798 1786 2850 purgaturus
1842 2801 1918 2845 pez·
1976 2783 2105 2849 ipsum
2149 2781 2358 2841 ascendere

1277 2856 1412 2923 Poffif·

1279 2996 1287 3020 l

1756 3189 1877 3246 Aaa
2250 3178 2380 3233 CA-
