2641 3687
271 153 405 216 152,
803 127 2060 201 PRAEFATIO.

267 286 443 357 niam
494 303 714 351 tamen
761 284 1180 356 Gnomonica
1223 283 1302 354 ad
1347 285 1563 380 praxin
1605 304 1745 354 tota
1789 280 1990 353 tendit
2018 332 2033 357 ‚
2101 305 2220 351 nec
2256 279 2543 354 subsidia-

266 390 428 458 iiam
456 384 811 457 Theoriam
840 388 968 457 aliis
1008 387 1356 501 Disciplinis
1403 385 1876 465 subministrat,
1916 414 1949 455 a
1979 412 2023 454 r
2013 410 2189 482 gore
2232 385 2494 457 summo
2520 439 2539 466 ,

267 517 404 586 quo
438 487 501 557 in
535 487 995 562 Arithnietica
980 490 1262 586 inprimis
1307 496 1377 560 δε
1411 490 1783 562 Geometria
1823 490 1911 561 ufi
1950 489 2187 565 stamus,
2239 488 2538 560 consulto

266 593 696 667 abstinemus,
755 620 835 663 ne
876 595 1176 665 Studium
1217 593 1715 664 Gnomonicum
1756 594 1822 664 in
1860 594 1917 663 se
1945 590 2304 687 jucundum
2340 593 2537 663 taediis

268 693 647 791 implicetur.
758 704 1114 768 Monemus
1147 721 1401 773 autem,
1453 722 1533 766 ne
1565 695 2159 767 Demonstrationes
2204 693 2538 767 difficulta-

266 823 403 869 tem
447 798 773 876 faccilant,
818 799 1148 871 Elementa
1203 798 1670 894 Sphaericorum
1712 805 1780 870 &
1833 809 2081 872 Partem
2109 799 2536 870 Astronomiae

267 901 651 995 Spliaericam
690 927 975 974 accurata
1006 902 1303 973 industria
1329 926 1477 973 ante
1507 901 1723 974 evolvi
1752 903 1980 974 debere
2010 950 2025 977 2
2067 925 2418 1000 antequam
2456 904 2543 981 ad*

264 1005 754 1075 Gnomonicam
799 1005 1064 1078 accessus
1096 1005 1496 1076 concedatur.
1612 1011 1769 1077 Haec
1801 1007 1973 1078 enim
2016 1003 2052 1076 a
2091 1028 2280 1075 motu
2323 1005 2536 1099 primo

262 1108 590 1185 Siderum,
637 1109 970 1203 praesertim
1025 1108 1220 1185 Solis,
1272 1111 1374 1180 seu
1423 1107 1648 1180 diurna
1703 1109 2008 1209 vertigine
2062 1107 2333 1179 Telluris
2398 1132 2537 1181 tota

259 1212 496 1303 pendet
525 1265 542 1289 ‚
587 1235 811 1281 motus
864 1239 1017 1285 vero
1071 1213 1311 1307 primus
1363 1210 1655 1283 Siderum
1694 1214 1821 1284 sine
1886 1211 2180 1283 doetrina
2225 1210 2535 1308 Spliaerica

257 1314 526 1413 intelligi
554 1315 792 1411 nequit.
905 1315 1161 1409 Qodfi
1201 1339 1419 1388 tamen
1458 1316 1642 1388 alicui
1679 1316 1931 1387 libuerit
1980 1316 2138 1386 {blas
2177 1322 2396 1386 Praxes
2424 1316 2535 1385 ad-

255 1417 488 1487 discere
519 1471 535 1494 ,
579 1417 628 1486 is
670 1419 1260 1490 Demonstrationes
1309 1446 1414 1515 per
1449 1447 1571 1490 nos
1625 1420 1890 1492 omittat
1933 1454 1945 1492 :
2004 1446 2108 1491 eas
2143 1418 2317 1488 enim
2357 1442 2428 1488 ut
2467 1418 2534 1489 in

260 1519 614 1615 Disciplinis
658 1520 952 1618 reliquiS,
987 1522 1073 1595 ita
1110 1523 1177 1594 in
1226 1523 1645 1595 Gnomonica
1686 1550 1953 1622 quoque
2003 1520 2038 1593 a
2089 1521 2386 1593 Praxibus
2442 1524 2531 1593 sa-

259 1623 338 1693 tis
381 1624 719 1694 manifesto
758 1625 1173 1697 distinximus,
1283 1626 1584 1698 Multum
1615 1652 1834 1698 autem
1867 1632 1938 1699 ὅ(
1977 1625 2426 1724 jucunditatis,
2459 1631 2531 1697 δε

259 1726 545 1797 utilitatis
582 1725 776 1800 habet
819 1730 1124 1801 Studium
1160 1730 1712 1803 Gnomonicum:
1762 1732 1934 1803 unde
1981 1758 2060 1802 ne
2101 1730 2221 1800 hac
2261 1754 2531 1828 quoque

257 1828 325 1900 in
351 1856 417 1900 re
459 1856 676 1900 meam
723 1832 1048 1906 desiderari
1085 1857 1327 1929 paterer
1357 1834 1765 1914 industriam,
1809 1837 1975 1909 varia
2002 1830 2534 1932 Horologiotum

255 1933 656 2027 portatilium
689 1960 963 2032 genera,
997 1963 1139 2034 quae
1187 1937 1270 2007 ab
1310 1937 1673 2009 Artificibus
1722 1938 2090 2013 fabrefiunt‚
2151 1963 2279 2006 una
2266 1891 2537 2009 23deseri-

254 2035 402 2113 bere
443 2036 640 2107 libuit
756 2044 923 2133 Qae
961 2067 1035 2111 ex
1076 2040 1530 2140 Chronologia
1575 2044 2062 2138 supponuntur,
2112 2067 2316 2137 pauca
2358 2043 2535 2113 sunt:

245 2138 493 2210 Sufficit
519 2140 690 2211 enim
733 2150 948 2237 Caput
983 2146 1116 2239 ejus
1155 2170 1442 2239 primum
1474 2145 1553 2216 de
1584 2147 1760 2218 vario
1805 2153 2137 2218 Horarum
2178 2143 2539 2222 discrimine

248 2241 846 2340 perlegilse.1m0
901 2273 1054 2318 cum
1118 2275 1239 2319 nos
1281 2248 1613 2320 Elementa
1658 2251 1931 2321 nostra
1916 2278 1982 2320 1n
2023 2248 2292 2349 gratiam
2337 2256 2536 2320 Euro-

247 2372 541 2439 pacorum
600 2347 783 2418 unice
836 2350 1370 2438 conscribamus,
1423 2351 1729 2446 superflua
1776 2354 1901 2423 tere
1943 2351 2282 2450 judicanda
2344 2355 2532 2430 sunt,

244 2474 389 2545 quae
440 2450 519 2519 de
564 2451 760 2520 Horis
799 2452 1253 2551 Babylonicis,
1291 2455 1603 2570 Judaicis,
1658 2456 1911 2554 aliisque
1944 2453 2319 2553 Hdrologio
2364 2457 2528 2529 Scia-

248 2551 446 2624 terico
484 2553 888 2626 inscribendis
937 2558 1160 2655 paffim
1197 2560 1657 2657 praecipiuntur

2317 3193 2528 3262 ELE-
